4000 6175
25 40 160 67 ff

107 251 150 304 ott
326 246 438 301 cittii-{it
459 240 621 302 emutuit
642 242 784 303 ECCLES.
805 242 849 300 ΕΤ
867 234 1160 301 constituturum
1180 241 1209 296 S.
1230 237 1327 297 senis
1347 240 1514 299 trostot.
1685 245 1736 310 616

108 364 136 415 sit
150 357 290 427 appellare
306 356 462 428 perutissus.
478 357 559 428 352
574 365 585 392 ⁸
605 356 774 426 Quapropter
789 361 896 409 cunstat
909 356 935 415 Α
949 353 1033 407 mutto
1045 354 1129 423 magis
1139 353 1238 409 amoto
1251 370 1304 408 ttutt
1318 355 1425 412 iiottisse
1435 356 1572 414 iateiutttt.
1588 357 1665 416 ilicet
1673 376 1738 434 ergo

108 462 163 505 totis
179 448 309 503 Acacium
330 446 432 501 nulium
453 447 577 502 imbuisse
599 445 753 515 pontiltcutn
784 454 893 501 sctttett·
945 462 998 514 qua
1015 447 1073 514 ipse
1091 447 1194 516 syuodo
1214 447 1339 501 emundes
1358 450 1432 504 seuit
1450 450 1598 505 antistitem
1612 452 1738 520 qualem·

104 544 162 595 tiam
175 540 252 595 sedis
264 537 418 608 apostolice
428 537 486 594 siae
499 538 550 592 ulia
564 537 623 608 eius
635 537 744 593 notione
757 536 893 592 soitetttii.
944 553 1070 608 cttutqtro,
1084 549 1159 593 certe
1172 538 1346 604 eatitoiiuum,
1357 553 1385 594 et
1395 540 1561 597 acatholicis
1572 542 1737 611 uniiuatum,

103 631 153 699 Qua
166 642 245 687 certe
259 629 363 701 syuodo
377 629 428 683 itoc
442 628 486 683 iiie
499 627 689 699 praesumpsit,
704 627 775 698 quoti
790 642 841 682 uec
855 628 895 682 sie
946 646 996 687 uec
1017 635 1051 687 dc
1076 633 1206 686 catitoiiea
1232 632 1283 688 litio
1306 643 1335 687 et
1356 633 1548 689 commuuione
1570 635 1739 706 aliquatenus

103 722 201 790 absque
216 720 364 789 apostoliea
380 720 444 775 serie
460 718 500 773 ias
516 720 623 788 quidem
640 717 753 774 lttberet
767 718 896 775 emanet
946 722 1108 791 impetitum,
1120 722 1456 791 duaoeitetoiudendunm
1471 734 1498 780 et
1511 728 1666 781 inarcticum
1682 746 1742 782 tna-

103 812 183 883 Cujus
197 812 271 869 sedis
286 813 448 882 episcopus?
462 813 538 883 cujus
551 810 766 882 metropolitanae
779 811 896 868 ciuitatis
946 811 1074 868 niiestum
1088 813 1208 878 Petrum,
1232 827 1279 867 sun
1302 829 1410 884 quoqne
1432 818 1605 871 essecutioue
1627 818 1740 870 damae·

103 903 232 961 antistet?
247 904 342 960 Nonne
354 903 489 973 parocbia>
503 903 690 961 Heracleensis
704 902 853 959 Eccieoiei
867 902 895 963 Si
947 913 1014 969 tum,
1029 903 1162 959 cotltoiico
1177 903 1296 974 pontiliei
1316 905 1469 971 permiserit
1482 906 1492 944 ¹
1506 908 1657 978 mirrngari.
1678 910 1738 977 Qua

105 998 226 1051 iiiicerte
247 996 321 1051 licuit
346 996 405 1050 siue
428 996 533 1066 synodo
555 994 717 1051 sententiam
741 994 896 1065 apostolica
946 997 1148 1066 sunodotertia
1162 997 1404 1070 adioepisoopurs
1413 1008 1536 1055 mtto
1546 1000 1737 1059 Caietuiioucut

106 1088 171 1141 sotiis
185 1089 366 1155 abrumpere,
382 1086 454 1140 nulia
475 1084 533 1156 ejus
552 1086 749 1144 cottsuitatione
763 1086 894 1156 qumsita3
947 1087 1011 1142 iecit
1024 1088 1133 1157 erprl'i,
1149 1103 1181 1142 ac
1197 1088 1375 1145 uiitiiuntioos
1386 1090 1473 1146 edon
1489 1093 1598 1148 Petrum
1614 1105 1666 1148 tarn
1683 1109 1739 1150 tua-

107 1183 173 1235 irune
185 1196 249 1234 turo
265 1194 318 1235 uon
339 1178 413 1234 licuit
424 1179 520 1249 primae
534 1178 835 1245 sodi,Cbaicedouonsis
853 1193 897 1248 sy·
947 1179 1074 1234 nilettum
1096 1181 1263 1245 amedeum,
1279 1192 1308 1234 tat
1322 1181 1409 1238 sidem
1434 1184 1546 1252 potens
1560 1201 1609 1240 uec
1623 1202 1653 1241 so
1665 1202 1740 1241 curtr-

113 1273 168 1326 nodi
197 1273 357 1337 constituta,
370 1273 440 1327 sicut
453 1272 554 1339 decuit,
571 1270 897 1343 essmuentiturjosutoti
948 1271 1087 1326 rouuicare
1100 1270 1295 1339 praesederet,
1319 1287 1367 1327 rua
1388 1288 1483 1343 pessus
1503 1286 1545 1330 est
1565 1277 1740 1346 dispositione

110 1368 334 1434 pataricatorem
354 1377 403 1418 sua
420 1364 580 1420 auctoritate
598 1363 761 1419 dctrudsrei
778 1362 830 1419 Sed
847 1378 898 1418 noc
947 1359 1096 1415 substiterit
1110 1361 1166 1426 Qua
1181 1360 1296 1430 doctique
1311 1376 1360 1431 per
1371 1371 1455 1418 totum
1468 1362 1607 1420 Orientem
1624 1370 1738 1433 aruntio,

25 1466 26 1481 ¹
111 1458 150 1509 iiia
170 1454 359 1522 prmterituns,
375 1455 607 1523 quodapostoiicr
630 1454 710 1511 sedes
732 1453 897 1525 frequenter,
948 1450 1230 1521 rjsetkortlrodotis,
1253 1454 1327 1508 uuiiu
1341 1455 1454 1509 crimine
1469 1457 1621 1521 ntorum,
1644 1474 1741 1526 protus

25 1606 26 1619 ,
110 1557 137 1602 ut
149 1547 248 1604 dictum
260 1555 313 1611 est,
332 1563 407 1601 trrote
422 1548 553 1616 majorum
569 1549 650 1602 etiam
663 1547 722 1603 sine
731 1546 783 1602 ulla
794 1544 899 1617 sytrodu
948 1559 1070 1616 quosque
1081 1554 1110 1599 ct
1121 1545 1284 1601 criminibus
1298 1547 1433 1601 tutoiutos
1448 1561 1495 1602 sua
1512 1550 1664 1618 provisione
1678 1564 1742 1619 supt-

25 1636 26 1639 ’
110 1640 289 1709 precedente,
307 1636 491 1695 bexsolvendi
505 1652 573 1709 quos
587 1640 706 1710 synodus
719 1639 810 1709 iniqua
823 1637 898 1692 darn·
949 1638 1062 1708 posuiti
1084 1637 1141 1706 Qua
1157 1637 1261 1708 syuodo
1285 1647 1325 1693 tot
1347 1639 1433 1694 aliem
1458 1640 1594 1710 prtrttrgu
1611 1642 1742 1698 netattdus

111 1738 234 1793 satem,
255 1714 287 1784 et
297 1727 446 1784 damnandi
469 1729 539 1785 uuila
556 1730 688 1787 existente
710 1731 813 1800 synodo
831 1744 899 1798 quos
914 1714 937 1777 Β
951 1729 1092 1799 populatur
1108 1729 1225 1783 inretiti
1248 1729 1301 1784 Sed
1317 1725 1402 1784 ittbrt
1425 1745 1478 1785 uon
1493 1731 1626 1786 sufiiciunt
1645 1734 1667 1787 si
1685 1745 1741 1787 tro·

111 1820 234 1888 oportuit,
248 1819 373 1874 babuerit
386 1819 547 1875 laenitatem.
563 1820 669 1877 Sancta
682 1821 780 1891 quippe
794 1834 898 1876 mouto·
949 1820 1054 1891 goedias
1067 1820 1137 1889 eius,
1153 1834 1220 1889 quas
1232 1834 1280 1889 per
1295 1820 1429 1876 Ecclesiae
1444 1822 1525 1876 totius
1535 1821 1653 1878 (irionis
1665 1839 1742 1879 uter-

111 1912 155 1966 tie
169 1911 344 1966 Athanasium
358 1911 477 1982 synodus
491 1911 635 1967 0rieutaiis
650 1911 806 1978 addixerat,
817 1928 897 1981 quom
950 1916 1018 1979 cuit,
1029 1912 1181 1984 singiliatim
1191 1910 1345 1966 describere
1359 1912 1511 1967 moliamur.
1528 1912 1568 1967 dtr
1582 1914 1645 1968 iliud
1657 1916 1743 1983 ipsius

109 2014 195 2060 tumen
210 2014 354 2075 exceptum
376 2006 457 2060 sedes
478 2004 624 2074 apostolica
639 2044 647 2070 ,
660 2004 721 2074 qaia
734 2004 899 2060 damnationi
951 2014 1139 2075 momentum
1156 2002 1233 2057 uoltis
1244 2003 1381 2057 restituant
1394 2003 1594 2072 opponendum.
1608 2020 1662 2074 quo
1677 2009 1743 2057 tuot-

110 2094 259 2149 Graecorum
273 2108 328 2149 nou
343 2095 490 2160 consensit,
505 2095 631 2150 absolvit.
644 2092 750 2150 Sanctae
764 2095 900 2151 memorie
950 2109 1016 2148 nora
1027 2106 1078 2147 sua
1088 2096 1115 2147 iu
1127 2090 1291 2160 imperialem
1308 2089 1315 2129 ¹
1331 2105 1403 2146 ttsus
1416 2102 1457 2145 est
1468 2091 1570 2160 jactare
1581 2096 1742 2162 pcrsuttatu?

113 2185 285 2239 nibilominus
298 2183 429 2241 toottuoo
442 2183 768 2254 crtusnutiuopoittauun
782 2186 901 2257 synodus
949 2183 1005 2238 Cur
1017 2183 1106 2254 igitttr,
1121 2181 1228 2252 quotide
1242 2180 1336 2250 uoluit,
1348 2181 1451 2237 obstitit
1462 2182 1592 2237 butrino
1602 2183 1743 2265 lyrarum,

111 2281 189 2334 etiam
216 2279 410 2333 catholicorum
437 2278 583 2348 protentam
606 2287 681 2334 cette
703 2279 900 2347 damnarent,
951 2286 1026 2331 certe
1038 2285 1066 2331 et
1080 2275 1207 2331 heretico
1221 2274 1398 2330 reitemeuter
1411 2273 1534 2330 irtlestoi
1554 2276 1609 2331 Cur
1624 2276 1673 2345 ipsi
1689 2277 1739 2330 itu·

112 2387 189 2442 quera
208 2371 291 2427 simili
302 2371 388 2427 ruodo
404 2371 483 2427 sedes
495 2369 640 2439 apostolica
656 2370 739 2426 etiam
752 2372 808 2427 sola
819 2412 827 2437 ,
839 2372 901 2443 quia
952 2367 1070 2438 peraturi
1083 2367 1196 2433 zenoni,
1207 2365 1270 2436 quia
1284 2364 1371 2436 palam
1384 2364 1554 2421 Antiocheno
1567 2366 1646 2422 Petro
1658 2367 1746 2440 noluit

111 2478 162 2525 non
182 2464 316 2520 consensit
330 2506 338 2534 ,
354 2461 478 2516 absolvit.
497 2458 616 2532 itemque
631 2472 643 2502 ι
657 2470 781 2518 sattctum
800 2460 903 2517 Fiat-ta-
950 2460 1163 2522 eoutntuuicate,
1178 2475 1254 2515 suam
1271 2474 1323 2515 uon
1337 2459 1456 2514 subdidit
1470 2460 1658 2516 voluntatem?
1675 2461 1744 2518 Ecce

114 2571 176 2608 nunt
189 2554 343 2624 pontificem
360 2552 516 2609 Grecotnm
527 2552 735 2624 congregatione
746 2554 901 2610 &mnarum
954 2553 1040 2623 potuit
1052 2552 1079 2606 itt
1093 2550 1154 2605 aliis
1169 2549 1312 2615 rescitum,
1325 2548 1333 2600 i
1348 2550 1370 2604 si
1383 2550 1474 2605 veliet.
1491 2551 1587 2605 iiuuuu
1600 2550 1745 2620 Apostolus

114 2646 170 2712 pari
185 2655 289 2711 tenore,
303 2646 431 2715 quostiam
445 2645 503 2707 sola
516 2644 596 2700 seties
611 2647 757 2716 :spostolica
770 2660 823 2700 nott
836 2662 902 2702 cort·
952 2641 1038 2698 dicit:
1056 2640 1117 2695 Non
1130 2640 1212 2694 solunt
1227 2640 1270 2707 qni
1285 2640 1397 2710 imitar,
1416 2640 1462 2694 ted
1477 2640 1554 2694 etiam
1572 2641 1616 2710 qui
1635 2657 1742 2695 cousen-

110 2740 204 2804 reasit,
219 2737 356 2795 attotttt:
372 2738 516 2808 potiusque
534 2738 579 2804 qui
599 2738 653 2793 iilic
667 2747 791 2808 receptus
805 2737 903 2805 luerat,
954 2735 1020 2787 siunt
1032 2730 1184 2803 facientibus
1199 2728 1284 2800 ilium·
1296 2744 1315 2794 ¹.
1328 2730 1386 2801 ὅθ),
1402 2742 1477 2784 1011111
1492 2730 1592 2800 batilei
1603 2743 1664 2785 §⁰¹¹¹
1679 2733 1746 2788 iirt-

110 2830 267 2885 liioseomm
287 2829 414 2884 mandre
428 2828 501 2885 sedis
520 2829 662 2896 praestitero
680 2843 728 2883 sua
745 2829 904 2885 auctoritate
955 2825 1014 2880 titii
1028 2824 1082 2881 Sed
1094 2834 1165 2879 utea
1175 2838 1235 2895 quar
1248 2823 1493 2893 iutiusettpiicauda
1505 2827 1743 2893 suutotuittaums,

110 2922 258 2986 damnarit,
269 2928 299 2977 et
310 2922 418 2991 impiam
432 2921 565 2993 synodum
576 2937 631 2976 noa
641 2922 834 2981 consentiendo
847 2923 903 2977 sola
954 2915 1029 2986 quid,
1045 2915 1115 2986 quod
1131 2917 1187 2985 ipse
1201 2914 1293 2970 Zenon
1309 2917 1456 2985 imperator
1474 2916 1531 2970 suis
1555 2917 1651 2972 litteris
1666 2916 1745 2985 pt'ult·
1792 2915 1798 2927 ’

110 3010 255 3077 tubum,
267 3020 296 3066 et
307 3027 356 3083 pro
370 3014 492 3077 ueritate,
504 3023 534 3067 at
547 3011 668 3084 synodus
676 3012 903 3069 Chalcedonensis
956 3016 1028 3061 tetur
1041 3014 1138 3061 cttuota·
1161 3020 1222 3061 sese
1245 3021 1279 3060 ex
1301 3007 1391 3060 Aeacii
1416 3006 1533 3075 gessisse
1557 3007 1678 3075 consilio,
1696 3023 1745 3062 uec

111 3104 415 3172 renunciarentur.
430 3101 444 3141 ‘¹
459 3104 486 3159 itt
501 3121 552 3174 quo
566 3114 595 3160 ut
608 3120 673 3174 ergo
686 3105 743 3160 sola
756 3106 801 3174 jus
812 3106 902 3161 babuit
917 3071 940 3140 c
957 3101 1008 3154 itote
1028 3114 1091 3152 eum
1112 3096 1206 3151 lallare
1229 3097 1325 3152 litteris
1347 3097 1403 3153 suis
1427 3097 1484 3168 ipse
1508 3114 1614 3168 quoque
1634 3109 1750 3155 testatur

111 3194 266 3251 obnitendi
279 3209 404 3264 eosquos
417 3194 546 3264 synodica
560 3196 669 3250 deorum
684 3196 765 3268 353
778 3198 901 3266 percule·
955 3188 1038 3264 356
1047 3189 1170 3255 boecurt,
1181 3190 1226 3259 qui
1239 3196 1338 3243 etnim
1353 3188 1529 3242 uilriiomious
1541 3193 1664 3245 urtirersa
1676 3201 1750 3248 recte

113 3295 181 3355 nst,
194 3289 235 3344 sic
250 3287 332 3344 etiam
347 3287 406 3342 siue
420 3287 523 3359 syuodo
537 3288 563 3342 in
579 3289 629 3343 bac
638 3289 732 3343 eadem
747 3304 826 3343 causa
843 3290 903 3357 piu·
955 3283 1073 3351 gessisse
1085 3282 1254 3351 conscripsit,
1266 3290 1293 3336 ot
1306 3296 1356 3336 suo
1368 3282 1482 3336 consiliu
1497 3281 1553 3335 buc
1567 3283 1660 3338 eadem
1674 3294 1749 3354 gesta
1773 3284 1777 3292 ’

113 3378 194 3436 tinet
206 3381 289 3437 etiam
302 3379 523 3450 metropolitanos
533 3379 676 3436 mutuasse
687 3382 867 3450 cognoscitur.
957 3393 1010 3430 nou
1028 3375 1119 3429 tacuit.
1140 3375 1225 3441 Quasi
1241 3388 1306 3427 rero
1322 3382 1424 3427 tautum
1443 3373 1469 3428 itt
1485 3373 1659 3429 Alexandrini
1677 3376 1748 3430 lutri

146 3470 211 3528 Gar.
226 3472 309 3528 1.-
325 3471 439 3539 Quodsi
455 3473 516 3541 quis
531 3471 589 3526 teo
602 3471 637 3526 ait
649 3472 796 3541 apostolica
812 3473 903 3528 seriee
954 3468 1147 3525 curttutuuiotte
1161 3467 1273 3522 acuetur
1288 3466 1479 3535 prevaricator
1492 3469 1636 3531 etstitrrit,
1654 3477 1748 3521 utnon

117 3564 155 3618 tei
178 3564 325 3620 monadum
350 3565 482 3635 synodum
506 3571 566 3618 acta
590 3563 781 3631 reprehendit:
808 3572 906 3630 prater
958 3563 984 3616 iu
998 3562 1135 3627 omnibus,
1149 3575 1216 3630 quos
1232 3558 1358 3625 relicuit,
1374 3558 1493 3629 tlcpttlsis
1507 3560 1646 3616 antitoiicrs
1660 3561 1750 3632 poturi·

119 3655 183 3723 qood
207 3657 292 3725 prisca
313 3669 404 3710 rerum
426 3654 584 3725 probatione
601 3654 779 3717 conducitur,
798 3657 905 3710 iuterim
959 3654 1069 3719 iicibus,
1093 3663 1218 3721 tauquam
1235 3661 1378 3723 tyrannus,
1402 3651 1531 3708 Ecclesiis
1548 3652 1751 3722 quibuscunque

154 3842 166 3866 ¹
179 3830 256 3902 i'uig.
269 3829 354 3885 Cone.
372 3829 560 3901 :Quapropter
579 3844 637 3882 curn
655 3832 719 3883 satia
737 3837 834 3883 constet
849 3830 913 3884 dra·
1004 3831 1089 3886 ‘Vae
1107 3832 1141 3884 ir.
1155 3846 1215 3886 cum
1230 3829 1334 3885 lusteiii
1355 3831 1428 3898 cod,
1451 3835 1490 3886 rei
1508 3834 1620 3887 securum
1637 3836 1752 3901 antitodo:

125 3902 231 3955 rium...
248 3902 373 3954 sententia
387 3901 453 3954 sedit
471 3899 619 3964 apiostolicoe
631 3900 782 3952 damnatum
792 3902 847 3954 sine
859 3904 927 3956 nito.
966 3903 1055 3966 lieri,
1071 3901 1206 3955 ueisottcta
1220 3906 1328 3972 synodo,
1344 3902 1450 3971 utrique
1465 3904 1548 3968 tunic,
1564 3905 1601 3956 trel
1616 3906 1686 3957 ettiut
1703 3907 1754 3958 ituc

126 3974 174 4038 ejas
186 3971 434 4053 norisne-tolneto&
449 3972 534 4024 dicunt
548 3981 615 4023 certe
629 3973 790 4039 quaerundo
809 3972 856 4022 tos
870 3975 914 4025 iiie
967 3974 1026 4027 inco
1040 3988 1088 4043 pru
1102 3973 1332 4052 eiiurttnacctptirtr.
1350 3974 1408 4030 llut
1424 3975 1537 4039 Qttcttt„
1554 3975 1752 4043 approbationem

298 4054 305 4088 t
1084 4066 1097 4085 ··
1119 4065 1144 4093 ·.
1231 4083 1237 4097 .
1340 4062 1390 4096 ·.
1511 4046 1516 4055 '
1567 4083 1574 4098 .

41 4169 50 4178 Ἴ,
128 4057 364 4185 *mamurtina
388 4110 474 4164 babuit
494 4110 618 4168 soluendi.
642 4108 813 4167 l‘rtctttlimus
832 4113 912 4168 codd.
967 4042 1753 4186 ΙΙΩῗᾞιῖ.Ἱιιίι1.ν,ΙΗιῗοιῗνεῗιῖίὼὲΡὲοιιὺιιιιὲἶῗυξιιῡιοφιιιάιιιιι.

41 4183 51 4202 1
130 4177 200 4236 liud.
211 4191 238 4237 et
256 4179 357 4236 ieron.
375 4179 606 4235 consentientibus
622 4180 693 4250 ruig.
712 4182 796 4237 Cotto.
813 4188 838 4237 iu
854 4185 913 4254 qui·
968 4184 1027 4238 blot
1042 4184 1067 4235 iu
1079 4183 1190 4237 ortctioti
1205 4185 1327 4250 etotupiu
1335 4184 1494 4249 explicatius
1504 4187 1676 4239 ‹recutitottcu
1687 4188 1756 4239 attri-

42 4245 55 4276 ¹'
131 4250 184 4318 bor,
199 4263 220 4305 et
232 4251 390 4306 absoluendi.
966 4257 1028 4308 stite
1042 4253 1213 4322 sultrogaudu
1227 4252 1345 4321 quinque
1365 4255 1442 4308 linctu
1454 4254 1624 4323 adjiciuntur,
1638 4258 1673 4309 oit
1688 4274 1754 4322 tritas

44 4325 56 4398 .·
162 4321 371 4392 α1ἰι13.(1ιιιιι.,
388 4332 484 4375 sanctie
498 4320 628 4374 memorie
640 4319 794 4376 Flauianum
808 4324 913 4393 pontifi·
966 4337 1078 4377 uecrssc
1099 4326 1147 4376 luit
1169 4324 1293 4390 prosequi
1318 4323 1357 4377 sic
1375 4325 1454 4389 :Qun
1477 4325 1575 4394 spiratio
1594 4328 1674 4378 tertio
1689 4329 1756 4380 redte

45 4397 57 4454 ’ξ
133 4408 181 4444 ren
199 4393 393 4464 congregatione
414 4393 573 4444 damnatum.
597 4389 657 4454 llus
683 4392 833 4447 addidimus
858 4398 914 4450 sola
965 4394 1111 4461 episcopum
1134 4392 1330 4456 calendionem,
1354 4395 1421 4448 idern
1444 4396 1537 4464 capelli
1561 4391 1762 4464 petitionariis?

46 4467 56 4526 ζ
133 4461 340 4518 marierunet
359 4462 433 4531 vulg.
449 4459 534 4518 Corte.
557 4460 623 4516 lieiu
639 4459 698 4516 lat.
718 4461 752 4516 ls.
770 4478 831 4516 cum
852 4464 913 4519 cod.
967 4462 1146 4517 Niitiiontmus
1167 4465 1284 4516 mandem
1307 4461 1429 4528 Portum,
1454 4480 1507 4519 etc.
1536 4468 1625 4521 Codes
1649 4484 1756 4537 truouue

47 4531 54 4612 J
135 4530 225 4589 tonuit
241 4531 915 4603 pariterisid.,qttioiliirreeeptusnoniaeratruc
970 4531 1151 4590 tortuosior
1165 4533 1560 4592 ranctemtntecttenrtonen.
1649 4537 1652 4544 ’

136 4613 276 4672 postpauca
294 4604 431 4670 submouit,
447 4611 470 4657 et
483 4601 646 4666 auctoritate,
658 4605 819 4673 utsgnodtts.
833 4603 913 4659 iliud.
1005 4603 1110 4673 stag.
1129 4602 1225 4666 etur..
1250 4619 1350 4657 necesse
1372 4605 1569 4660 cotttmunicare.
1596 4606 1658 4661 linc
1680 4607 1759 4661 lartio

137 4681 159 4725 et
168 4673 272 4739 teron„
284 4687 309 4728 ιι
322 4674 436 4741 emtore,
450 4672 538 4727 deleta
549 4673 738 4748 praepositione
751 4692 809 4736 nro.
928 4653 955 4714 Ῑ)
969 4672 1037 4730 torte
1052 4674 1171 4743 respicit,
1182 4676 1208 4726 iii
1220 4697 1225 4721 ι
1241 4683 1372 4730 tractatus
1387 4690 1401 4727 a
1415 4675 1519 4732 Medeia
1532 4676 1607 4740 etiiti,
1625 4693 1660 4744 ,ac
1677 4675 1759 4742 Fului

164 4739 285 4809 ‘Oreste
297 4745 370 4799 delet
380 4744 406 4797 in
420 4758 491 4814 qna,·
507 4757 567 4796 cum
581 4741 704 4798 omuibus
720 4745 819 4800 uostris
833 4748 913 4800 codd.
969 4759 1109 4814 perperam
1129 4745 1266 4802 attributi.
1290 4745 1334 4798 ulti
1351 4747 1476 4801 rit-ocium
1498 4749 1669 4815 opponebatur
1684 4764 1690 4800 :
1707 4747 1760 4806 Sed

139 4823 161 4866 rt
179 4814 287 4870 llerlino
310 4829 507 4870 revocaturus.
532 4811 600 4867 boio
622 4812 681 4868 lttrc
703 4813 749 4868 iile
774 4815 866 4873 scribit
887 4819 913 4871 iu
968 4819 1105 4886 imperator
1123 4818 1294 4869 ttcrestiatrut
1313 4831 1369 4868 curu
1392 4815 1470 4870 Petro
1491 4818 1760 4876 contmaniendiiut·

139 4886 245 4955 ttratgiac
259 4904 266 4940 :
282 4884 369 4940 Linea
387 4892 438 4938 trra
451 4882 629 4954 tttdsequeutet
641 4899 721 4954 totque
739 4887 774 4938 ud
795 4888 870 4950 titrud
892 4892 914 4942 si
969 4888 1040 4942 sunit
1053 4886 1157 4940 acacio.
1177 4885 1236 4940 iiiii.
1254 4897 1273 4941 t.
1290 4885 1408 4941 tituto.
1422 4888 1487 4944 len.
1504 4888 1570 4943 etlit.
1590 4891 1643 4946 cui.
1660 4891 1720 4952 tut,
1731 4891 1759 4943 ti.

140 4955 189 5018 ituit
199 4960 262 5017 itae,
274 4967 338 5019 ete„
348 4956 375 5008 in
387 4955 497 5026 culpatis
510 4953 620 5018 anunm
631 4956 675 5007 sed
685 4955 778 5008 irarrun
792 4956 848 5011 ioco
858 4961 915 5011 dua
1005 4954 1019 4992 *¹
1031 4955 1093 5010 vat.
1106 4959 1156 5023 is„
1171 4973 1222 5011 uon
1233 4958 1382 5027 sufficerent.
1783 4988 1788 5023 ι

140 5031 183 5088 tere
192 5029 288 5097 maine
304 5026 441 5094 nodentrtr,
454 5023 546 5095 quein
557 5032 664 5092 atroque
674 5027 760 5078 codice
770 5039 856 5081 nostro
866 5045 915 5083 nes.
1010 5024 1018 5064 ¹
1034 5026 1113 5097 vulg.
1126 5028 1223 5090 coru..
1238 5030 1309 5081 ttisut
1322 5038 1370 5082 est.

140 5098 311 5152 dardnontur.
341 5096 418 5151 Varie
440 5096 516 5150 etium
539 5095 669 5163 sequentia
696 5095 824 5166 leguntur.
855 5098 917 5153 llaec
1008 5094 1231 5153 liscetliutl.
1255 5097 1278 5151 tt‘
1288 5100 1376 5167 stellet,
1393 5097 1618 5167 mettdose3qttml
1634 5094 1756 5150 utetuittm

139 5179 216 5223 autem
235 5171 352 5224 uarietas
368 5167 405 5221 ob
426 5168 554 5221 insertam
576 5163 742 5220 additionem
766 5169 916 5222 trecessaria
971 5167 997 5222 iu
1010 5167 1071 5222 Vat.
1096 5170 1129 5222 is.
1145 5168 1317 5221 emendatum
1334 5169 1392 5230 luit,
1417 5169 1462 5220 sed
1476 5169 1567 5221 uoluit.
1593 5165 1688 5220 Verior
1701 5178 1763 5217 cur·

139 5239 189 5294 tuit.
206 5238 251 5294 Sic
268 5239 341 5293 enim
353 5238 510 5308 sequeutia:
524 5234 696 5305 Quapropter,
712 5237 808 5305 iuquit,
820 5240 843 5292 si
861 5241 919 5310 qrtis
967 5238 1058 5293 rectio
1074 5238 1210 5305 coliigitur
1229 5252 1264 5292 et
1278 5239 1349 5307 mig.
1365 5237 1460 5298 eoru..
1484 5238 1506 5290 si
1522 5234 1615 5297 tutin,¹
1639 5233 1761 5288 srtttiiiter

137 5309 211 5362 odite
219 5311 360 5364 oemndam
371 5306 604 5362 chalcedonensem
612 5308 738 5376 agundum
749 5310 803 5362 noec
814 5308 846 5362 air
856 5325 919 5378 opo-
972 5309 1027 5366 nd
1041 5308 1184 5371 tantumn
1204 5307 1347 5376 intelligere
1359 5308 1381 5361 ai
1393 5306 1496 5369 neiieut,
1516 5307 1634 5373 ipuorure
1648 5320 1700 5358 non
1715 5320 1758 5372 pu·

137 5382 217 5435 scotico
226 5384 366 5451 udeguta
376 5376 551 5448 repetenda,
561 5386 667 5446 propter
677 5377 745 5447 qnod
756 5389 778 5432 et
790 5394 852 5443 nte,
867 5395 918 5443 out
972 5387 1066 5434 teratu.
1080 5378 1163 5433 iidem
1177 5377 1249 5446 vulg.
1265 5375 1349 5431 Cone.
1365 5377 1491 5430 ortrittuut
1510 5371 1649 5442 sequetttia
1663 5390 1698 5426 an
1709 5390 1763 5432 non

135 5466 250 5507 tornetas
263 5463 430 5507 tsrnurtttus
453 5445 523 5514 iltaec
540 5447 704 5501 udriitiottcm
722 5451 879 5520 respiciunt)
897 5459 919 5504 et
973 5464 1058 5517 usque
1071 5451 1104 5501 ad
1115 5448 1216 5501 irretiti.
1232 5447 1332 5514 Quesu.
1348 5446 1505 5516 praeteriens
1520 5445 1542 5498 ri
1552 5444 1624 5497 oriiet
1639 5445 1762 5514 scripsit:

135 5522 261 5589 nsfupttct
277 5528 361 5592 poten
381 5522 481 5573 ratione
500 5518 629 5581 contenet,
646 5518 727 5573 tnttlto
741 5521 823 5588 inopis
835 5530 919 5576 tamen
972 5520 1108 5583 sautiare,
1118 5536 1151 5572 an
1160 5518 1230 5572 nort?
1244 5518 1390 5588 Apostolus,
1401 5525 1453 5572 cic.
1463 5514 1529 5570 lieiu
1543 5514 1569 5569 in
1582 5514 1654 5586 tuig.
1667 5513 1762 5575 Cotto..

134 5596 220 5649 lartio
239 5610 292 5645 non
311 5592 417 5646 licuisse
437 5587 556 5659 [orditur
573 5590 622 5641 ista
637 5599 741 5643 terrore.
765 5589 839 5643 iticnt
860 5607 920 5663 erpo
972 5589 1098 5661 quidquid
1111 5587 1272 5660 ipteZenon.
1743 5585 1748 5597 '

133 5681 176 5732 utu
185 5672 284 5736 spuouo
297 5661 427 5716 loannem
438 5659 632 5715 secundoesedis
642 5660 789 5727 antistitem,
803 5671 856 5716 etc.
