<?xml version="1.0" encoding="UTF-8"?>
<!DOCTYPE html PUBLIC "-//W3C//DTD XHTML 1.0 Transitional//EN"
    "http://www.w3.org/TR/xhtml1/DTD/xhtml1-transitional.dtd">
<html xmlns="http://www.w3.org/1999/xhtml" xml:lang="en" lang="en">
 <head>
  <title>
</title>
<meta http-equiv="Content-Type" content="text/html;charset=utf-8" />
  <meta name='ocr-system' content='tesseract 3.04.00' />
  <meta name='ocr-capabilities' content='ocr_page ocr_carea ocr_par ocr_line ocrx_word'/>
</head>
<body>
  <div class='ocr_page' id='page_1' title='image "./patrologiaecurs181unkngoog_0551.png"; bbox 0 0 4000 6175; ppageno 0'>
   <div class='ocr_carea' id='block_1_1' title="bbox 79 247 1754 342">
    <p class='ocr_par' dir='ltr' id='par_1_1' title="bbox 79 247 1754 342">
     <span class='ocr_line' id='line_1_1' title="bbox 79 247 1754 342; baseline -0.005 -10"><span class='ocrx_word' id='word_1_1' title='bbox 79 247 84 256; x_wconf 30' lang='lat'>⁸</span> <span class='ocrx_word' id='word_1_2' title='bbox 129 280 197 340; x_wconf 73' lang='grc'><strong>11189</strong></span> <span class='ocrx_word' id='word_1_3' title='bbox 373 275 524 332; x_wconf 71' lang='lat' dir='ltr'><strong>cissent.</strong></span> <span class='ocrx_word' id='word_1_4' title='bbox 547 274 588 329; x_wconf 80' lang='lat' dir='ltr'><strong>tit</strong></span> <span class='ocrx_word' id='word_1_5' title='bbox 615 268 815 342; x_wconf 68' lang='lat' dir='ltr'><strong>QUESNELLl.</strong></span> <span class='ocrx_word' id='word_1_6' title='bbox 838 269 881 325; x_wconf 73' lang='lat' dir='ltr'><strong>nh</strong></span> <span class='ocrx_word' id='word_1_7' title='bbox 902 268 1137 327; x_wconf 77' lang='lat' dir='ltr'><strong>stlrnosttttltl</strong></span> <span class='ocrx_word' id='word_1_8' title='bbox 1157 267 1314 325; x_wconf 74' lang='lat' dir='ltr'><strong>conditio</strong></span> <span class='ocrx_word' id='word_1_9' title='bbox 1335 269 1493 326; x_wconf 73' lang='lat' dir='ltr'><strong>tenensi.</strong></span> <span class='ocrx_word' id='word_1_10' title='bbox 1687 269 1754 328; x_wconf 78' lang='lat' dir='ltr'><strong>lollii</strong></span> 
     </span>
    </p>
   </div>
   <div class='ocr_carea' id='block_1_2' title="bbox 73 385 1818 5012">
    <p class='ocr_par' dir='ltr' id='par_1_2' title="bbox 73 385 1818 5012">
     <span class='ocr_line' id='line_1_2' title="bbox 128 385 1761 454; baseline -0.009 0"><span class='ocrx_word' id='word_1_11' title='bbox 128 397 247 454; x_wconf 73' lang='lat' dir='ltr'><strong>amutii</strong></span> <span class='ocrx_word' id='word_1_12' title='bbox 269 408 296 446; x_wconf 86' lang='lat' dir='ltr'><strong>se</strong></span> <span class='ocrx_word' id='word_1_13' title='bbox 315 390 454 444; x_wconf 82' lang='lat' dir='ltr'><strong>utstiuraut</strong></span> <span class='ocrx_word' id='word_1_14' title='bbox 478 389 488 452; x_wconf 82' lang='grc'><strong>1</strong></span> <span class='ocrx_word' id='word_1_15' title='bbox 498 387 562 442; x_wconf 82' lang='lat' dir='ltr'><strong>linc</strong></span> <span class='ocrx_word' id='word_1_16' title='bbox 585 387 661 442; x_wconf 61' lang='lat' dir='ltr'><strong>uncia</strong></span> <span class='ocrx_word' id='word_1_17' title='bbox 679 396 737 441; x_wconf 83' lang='lat' dir='ltr'><strong>runt</strong></span> <span class='ocrx_word' id='word_1_18' title='bbox 762 387 865 440; x_wconf 84' lang='lat' dir='ltr'><strong>canonis</strong></span> <span class='ocrx_word' id='word_1_19' title='bbox 882 386 910 440; x_wconf 90' lang='lat' dir='ltr'><strong>tt</strong></span> <span class='ocrx_word' id='word_1_20' title='bbox 967 402 1026 439; x_wconf 83' lang='lat' dir='ltr'><strong>nem</strong></span> <span class='ocrx_word' id='word_1_21' title='bbox 1039 386 1275 441; x_wconf 83' lang='lat' dir='ltr'><strong>oiaeraarideiere.</strong></span> <span class='ocrx_word' id='word_1_22' title='bbox 1297 385 1346 441; x_wconf 92' lang='lat' dir='ltr'><strong>Uhi</strong></span> <span class='ocrx_word' id='word_1_23' title='bbox 1361 400 1448 440; x_wconf 88' lang='lat' dir='ltr'><strong>ranno</strong></span> <span class='ocrx_word' id='word_1_24' title='bbox 1460 385 1552 453; x_wconf 85' lang='lat' dir='ltr'><strong>priora</strong></span> <span class='ocrx_word' id='word_1_25' title='bbox 1565 392 1664 439; x_wconf 88' lang='lat' dir='ltr'><strong>statuta</strong></span> <span class='ocrx_word' id='word_1_26' title='bbox 1682 386 1761 440; x_wconf 87' lang='lat' dir='ltr'><strong>inuo-</strong></span> 
     </span>
     <span class='ocr_line' id='line_1_3' title="bbox 128 451 1773 528; baseline -0.008 -6"><span class='ocrx_word' id='word_1_27' title='bbox 128 466 227 522; x_wconf 86' lang='lat' dir='ltr'><strong>roncilli</strong></span> <span class='ocrx_word' id='word_1_28' title='bbox 241 464 363 528; x_wconf 75' lang='lat' dir='ltr'><strong>Curtlrup.</strong></span> <span class='ocrx_word' id='word_1_29' title='bbox 379 475 405 513; x_wconf 87' lang='grc' dir='ltr'><strong>ιι</strong></span> <span class='ocrx_word' id='word_1_30' title='bbox 418 459 464 513; x_wconf 78' lang='lat' dir='ltr'><strong>aad</strong></span> <span class='ocrx_word' id='word_1_31' title='bbox 475 457 607 513; x_wconf 83' lang='lat' dir='ltr'><strong>Genethlio</strong></span> <span class='ocrx_word' id='word_1_32' title='bbox 617 474 661 512; x_wconf 90' lang='lat' dir='ltr'><strong>au.</strong></span> <span class='ocrx_word' id='word_1_33' title='bbox 677 457 751 520; x_wconf 76' lang='grc'><strong>5901.</strong></span> <span class='ocrx_word' id='word_1_34' title='bbox 767 457 843 523; x_wconf 80' lang='lat' dir='ltr'><strong>Quod</strong></span> <span class='ocrx_word' id='word_1_35' title='bbox 857 455 914 510; x_wconf 87' lang='lat' dir='ltr'><strong>sui·</strong></span> <span class='ocrx_word' id='word_1_36' title='bbox 929 451 949 507; x_wconf 83' lang='lat' dir='ltr'><strong>t</strong></span> <span class='ocrx_word' id='word_1_37' title='bbox 966 471 1042 520; x_wconf 84' lang='lat' dir='ltr'><strong>rans,</strong></span> <span class='ocrx_word' id='word_1_38' title='bbox 1062 458 1113 510; x_wconf 87' lang='lat' dir='ltr'><strong>linc</strong></span> <span class='ocrx_word' id='word_1_39' title='bbox 1128 457 1260 526; x_wconf 74' lang='lat' dir='ltr'><strong>imprimis</strong></span> <span class='ocrx_word' id='word_1_40' title='bbox 1279 458 1431 522; x_wconf 86' lang='lat' dir='ltr'><strong>constituit,</strong></span> <span class='ocrx_word' id='word_1_41' title='bbox 1457 471 1488 509; x_wconf 89' lang='lat' dir='ltr'><strong>ac</strong></span> <span class='ocrx_word' id='word_1_42' title='bbox 1509 456 1561 510; x_wconf 87' lang='lat' dir='ltr'><strong>illis</strong></span> <span class='ocrx_word' id='word_1_43' title='bbox 1584 458 1773 511; x_wconf 79' lang='lat' dir='ltr'><strong>coristitutunr·</strong></span> 
     </span>
     <span class='ocr_line' id='line_1_4' title="bbox 129 525 1758 608; baseline -0.008 -15"><span class='ocrx_word' id='word_1_44' title='bbox 129 530 240 608; x_wconf 62' lang='lat' dir='ltr'><strong>triplicia</strong></span> <span class='ocrx_word' id='word_1_45' title='bbox 256 534 297 587; x_wconf 87' lang='lat' dir='ltr'><strong>rel</strong></span> <span class='ocrx_word' id='word_1_46' title='bbox 312 531 345 585; x_wconf 88' lang='lat' dir='ltr'><strong>ad</strong></span> <span class='ocrx_word' id='word_1_47' title='bbox 360 529 595 598; x_wconf 75' lang='lat' dir='ltr'><strong>Carthaginensem</strong></span> <span class='ocrx_word' id='word_1_48' title='bbox 614 528 676 581; x_wconf 90' lang='lat' dir='ltr'><strong>anni</strong></span> <span class='ocrx_word' id='word_1_49' title='bbox 691 529 755 591; x_wconf 88' lang='lat' dir='ltr'><strong>tt8,</strong></span> <span class='ocrx_word' id='word_1_50' title='bbox 768 528 810 580; x_wconf 82' lang='lat' dir='ltr'><strong>vel</strong></span> <span class='ocrx_word' id='word_1_51' title='bbox 826 526 859 580; x_wconf 84' lang='lat' dir='ltr'><strong>ad</strong></span> <span class='ocrx_word' id='word_1_52' title='bbox 874 541 913 580; x_wconf 89' lang='lat' dir='ltr'><strong>sc·</strong></span> <span class='ocrx_word' id='word_1_53' title='bbox 965 525 1149 589; x_wconf 78' lang='lat' dir='ltr'><strong>demonstrat,</strong></span> <span class='ocrx_word' id='word_1_54' title='bbox 1178 529 1286 594; x_wconf 79' lang='lat' dir='ltr'><strong>quinam</strong></span> <span class='ocrx_word' id='word_1_55' title='bbox 1312 528 1471 581; x_wconf 84' lang='lat' dir='ltr'><strong>clericorum</strong></span> <span class='ocrx_word' id='word_1_56' title='bbox 1504 527 1677 581; x_wconf 80' lang='lat' dir='ltr'><strong>continentiae</strong></span> <span class='ocrx_word' id='word_1_57' title='bbox 1706 527 1758 595; x_wconf 66' lang='lat' dir='ltr'><strong>legi</strong></span> 
     </span>
     <span class='ocr_line' id='line_1_5' title="bbox 127 596 1756 676; baseline -0.009 -14"><span class='ocrx_word' id='word_1_58' title='bbox 127 607 233 676; x_wconf 78' lang='lat' dir='ltr'><strong>atteritis</strong></span> <span class='ocrx_word' id='word_1_59' title='bbox 246 604 308 658; x_wconf 89' lang='lat' dir='ltr'><strong>anni</strong></span> <span class='ocrx_word' id='word_1_60' title='bbox 324 599 454 672; x_wconf 79' lang='lat' dir='ltr'><strong>synodum</strong></span> <span class='ocrx_word' id='word_1_61' title='bbox 466 602 661 667; x_wconf 58' lang='lat' dir='ltr'><strong>pristinaeque</strong></span> <span class='ocrx_word' id='word_1_62' title='bbox 673 605 783 667; x_wconf 82' lang='lat' dir='ltr'><strong>utraque</strong></span> <span class='ocrx_word' id='word_1_63' title='bbox 795 597 912 651; x_wconf 84' lang='lat' dir='ltr'><strong>Zelleusi</strong></span> <span class='ocrx_word' id='word_1_64' title='bbox 966 597 1125 663; x_wconf 76' lang='lat' dir='ltr'><strong>subjiciendi</strong></span> <span class='ocrx_word' id='word_1_65' title='bbox 1138 606 1244 662; x_wconf 71' lang='lat' dir='ltr'><strong>essent,</strong></span> <span class='ocrx_word' id='word_1_66' title='bbox 1260 605 1315 650; x_wconf 85' lang='lat' dir='ltr'><strong>tres</strong></span> <span class='ocrx_word' id='word_1_67' title='bbox 1327 597 1431 651; x_wconf 82' lang='lat' dir='ltr'><strong>scilicet</strong></span> <span class='ocrx_word' id='word_1_68' title='bbox 1446 596 1548 662; x_wconf 89' lang='lat' dir='ltr'><strong>priores</strong></span> <span class='ocrx_word' id='word_1_69' title='bbox 1561 596 1661 665; x_wconf 73' lang='lat' dir='ltr'><strong>gradus</strong></span> <span class='ocrx_word' id='word_1_70' title='bbox 1674 613 1682 650; x_wconf 91' lang='lat'><strong>:</strong></span> <span class='ocrx_word' id='word_1_71' title='bbox 1698 597 1756 664; x_wconf 81' lang='lat' dir='ltr'><strong>qlli-</strong></span> 
     </span>
     <span class='ocr_line' id='line_1_6' title="bbox 127 666 1758 740; baseline -0.007 -11"><span class='ocrx_word' id='word_1_72' title='bbox 127 679 168 733; x_wconf 84' lang='lat' dir='ltr'><strong>rel</strong></span> <span class='ocrx_word' id='word_1_73' title='bbox 181 674 288 731; x_wconf 74' lang='lat' dir='ltr'><strong>leiensi</strong></span> <span class='ocrx_word' id='word_1_74' title='bbox 303 669 435 740; x_wconf 85' lang='lat' dir='ltr'><strong>posterior</strong></span> <span class='ocrx_word' id='word_1_75' title='bbox 450 669 507 723; x_wconf 86' lang='lat' dir='ltr'><strong>luit.</strong></span> <span class='ocrx_word' id='word_1_76' title='bbox 523 670 608 722; x_wconf 83' lang='lat' dir='ltr'><strong>Porro</strong></span> <span class='ocrx_word' id='word_1_77' title='bbox 619 667 757 734; x_wconf 71' lang='lat' dir='ltr'><strong>locationis</strong></span> <span class='ocrx_word' id='word_1_78' title='bbox 771 682 828 722; x_wconf 76' lang='lat' dir='ltr'><strong>suc</strong></span> <span class='ocrx_word' id='word_1_79' title='bbox 841 667 914 736; x_wconf 82' lang='lat' dir='ltr'><strong>ejus·</strong></span> <span class='ocrx_word' id='word_1_80' title='bbox 968 677 1027 719; x_wconf 90' lang='lat' dir='ltr'><strong>uam</strong></span> <span class='ocrx_word' id='word_1_81' title='bbox 1042 681 1091 720; x_wconf 91' lang='lat' dir='ltr'><strong>suo</strong></span> <span class='ocrx_word' id='word_1_82' title='bbox 1105 667 1154 720; x_wconf 88' lang='lat' dir='ltr'><strong>hac</strong></span> <span class='ocrx_word' id='word_1_83' title='bbox 1170 667 1195 720; x_wconf 87' lang='lat' dir='ltr'><strong>iu</strong></span> <span class='ocrx_word' id='word_1_84' title='bbox 1210 682 1239 720; x_wconf 91' lang='lat' dir='ltr'><strong>re</strong></span> <span class='ocrx_word' id='word_1_85' title='bbox 1254 668 1366 721; x_wconf 80' lang='lat' dir='ltr'><strong>arbitrio</strong></span> <span class='ocrx_word' id='word_1_86' title='bbox 1387 676 1476 721; x_wconf 89' lang='lat' dir='ltr'><strong>esseut</strong></span> <span class='ocrx_word' id='word_1_87' title='bbox 1505 667 1683 735; x_wconf 80' lang='lat' dir='ltr'><strong>relinquendi.</strong></span> <span class='ocrx_word' id='word_1_88' title='bbox 1714 666 1758 721; x_wconf 88' lang='lat' dir='ltr'><strong>Si·</strong></span> 
     </span>
     <span class='ocr_line' id='line_1_7' title="bbox 127 735 1757 816; baseline -0.004 -21"><span class='ocrx_word' id='word_1_89' title='bbox 127 764 178 816; x_wconf 76' lang='lat' dir='ltr'><strong>rpie</strong></span> <span class='ocrx_word' id='word_1_90' title='bbox 188 745 270 808; x_wconf 77' lang='lat' dir='ltr'><strong>sedis,</strong></span> <span class='ocrx_word' id='word_1_91' title='bbox 282 744 359 810; x_wconf 84' lang='lat' dir='ltr'><strong>cujas</strong></span> <span class='ocrx_word' id='word_1_92' title='bbox 373 740 447 795; x_wconf 78' lang='lat' dir='ltr'><strong>sices</strong></span> <span class='ocrx_word' id='word_1_93' title='bbox 460 745 584 807; x_wconf 77' lang='lat' dir='ltr'><strong>gerelmt,</strong></span> <span class='ocrx_word' id='word_1_94' title='bbox 609 738 707 791; x_wconf 88' lang='lat' dir='ltr'><strong>oblitus</strong></span> <span class='ocrx_word' id='word_1_95' title='bbox 722 745 794 792; x_wconf 86' lang='lat' dir='ltr'><strong>esset</strong></span> <span class='ocrx_word' id='word_1_96' title='bbox 809 736 913 793; x_wconf 79' lang='lat' dir='ltr'><strong>Fausti·</strong></span> <span class='ocrx_word' id='word_1_97' title='bbox 965 737 1075 804; x_wconf 77' lang='lat' dir='ltr'><strong>maturae</strong></span> <span class='ocrx_word' id='word_1_98' title='bbox 1085 737 1162 791; x_wconf 85' lang='lat' dir='ltr'><strong>docet</strong></span> <span class='ocrx_word' id='word_1_99' title='bbox 1175 738 1303 808; x_wconf 71' lang='lat' dir='ltr'><strong>qtrasdarn</strong></span> <span class='ocrx_word' id='word_1_100' title='bbox 1317 737 1399 790; x_wconf 86' lang='lat' dir='ltr'><strong>inisse</strong></span> <span class='ocrx_word' id='word_1_101' title='bbox 1413 737 1438 788; x_wconf 92' lang='lat' dir='ltr'><strong>iu</strong></span> <span class='ocrx_word' id='word_1_102' title='bbox 1455 735 1589 790; x_wconf 75' lang='lat' dir='ltr'><strong>Africanis</strong></span> <span class='ocrx_word' id='word_1_103' title='bbox 1603 737 1757 796; x_wconf 75' lang='lat' dir='ltr'><strong>recinuibus</strong></span> 
     </span>
     <span class='ocr_line' id='line_1_8' title="bbox 128 806 1818 883; baseline -0.007 -14"><span class='ocrx_word' id='word_1_104' title='bbox 128 833 187 883; x_wconf 83' lang='lat' dir='ltr'><strong>riui,</strong></span> <span class='ocrx_word' id='word_1_105' title='bbox 214 816 265 868; x_wconf 86' lang='lat' dir='ltr'><strong>nisi</strong></span> <span class='ocrx_word' id='word_1_106' title='bbox 290 815 340 866; x_wconf 88' lang='lat' dir='ltr'><strong>hoc</strong></span> <span class='ocrx_word' id='word_1_107' title='bbox 362 812 422 865; x_wconf 87' lang='lat' dir='ltr'><strong>loeo</strong></span> <span class='ocrx_word' id='word_1_108' title='bbox 448 810 580 862; x_wconf 75' lang='lat' dir='ltr'><strong>laudasset</strong></span> <span class='ocrx_word' id='word_1_109' title='bbox 606 807 694 862; x_wconf 87' lang='lat' dir='ltr'><strong>Siricii</strong></span> <span class='ocrx_word' id='word_1_110' title='bbox 719 810 858 874; x_wconf 82' lang='lat' dir='ltr'><strong>epistolam</strong></span> <span class='ocrx_word' id='word_1_111' title='bbox 879 806 913 862; x_wconf 84' lang='lat' dir='ltr'><strong>sd</strong></span> <span class='ocrx_word' id='word_1_112' title='bbox 967 806 1100 861; x_wconf 77' lang='lat' dir='ltr'><strong>Ecclesiae</strong></span> <span class='ocrx_word' id='word_1_113' title='bbox 1113 822 1172 875; x_wconf 69' lang='lat' dir='ltr'><strong>uitae</strong></span> <span class='ocrx_word' id='word_1_114' title='bbox 1197 808 1264 860; x_wconf 86' lang='lat' dir='ltr'><strong>hanc</strong></span> <span class='ocrx_word' id='word_1_115' title='bbox 1279 807 1500 861; x_wconf 85' lang='lat' dir='ltr'><strong>cousuetudinem</strong></span> <span class='ocrx_word' id='word_1_116' title='bbox 1514 806 1707 867; x_wconf 81' lang='lat' dir='ltr'><strong>oliserrarnot,</strong></span> <span class='ocrx_word' id='word_1_117' title='bbox 1728 814 1759 861; x_wconf 91' lang='lat' dir='ltr'><strong>ot</strong></span> <span class='ocrx_word' id='word_1_118' title='bbox 1813 873 1818 880; x_wconf 89' lang='lat'>.</span> 
     </span>
     <span class='ocr_line' id='line_1_9' title="bbox 128 875 1758 946; baseline -0.007 -5"><span class='ocrx_word' id='word_1_119' title='bbox 128 891 206 943; x_wconf 71' lang='lat' dir='ltr'><strong>Alsos</strong></span> <span class='ocrx_word' id='word_1_120' title='bbox 220 887 340 939; x_wconf 82' lang='lat' dir='ltr'><strong>missam.</strong></span> <span class='ocrx_word' id='word_1_121' title='bbox 355 879 431 946; x_wconf 82' lang='lat' dir='ltr'><strong>Quod</strong></span> <span class='ocrx_word' id='word_1_122' title='bbox 446 894 511 934; x_wconf 84' lang='lat' dir='ltr'><strong>sero</strong></span> <span class='ocrx_word' id='word_1_123' title='bbox 525 879 589 932; x_wconf 89' lang='lat' dir='ltr'><strong>nihil</strong></span> <span class='ocrx_word' id='word_1_124' title='bbox 603 877 637 932; x_wconf 85' lang='lat' dir='ltr'><strong>de</strong></span> <span class='ocrx_word' id='word_1_125' title='bbox 655 891 688 931; x_wconf 92' lang='lat' dir='ltr'><strong>ea</strong></span> <span class='ocrx_word' id='word_1_126' title='bbox 702 887 913 931; x_wconf 89' lang='lat' dir='ltr'><strong>commemorent</strong></span> <span class='ocrx_word' id='word_1_127' title='bbox 965 885 1078 932; x_wconf 77' lang='lat' dir='ltr'><strong>caeteros</strong></span> <span class='ocrx_word' id='word_1_128' title='bbox 1094 877 1206 934; x_wconf 84' lang='lat' dir='ltr'><strong>ciericos</strong></span> <span class='ocrx_word' id='word_1_129' title='bbox 1219 878 1411 943; x_wconf 71' lang='lat' dir='ltr'><strong>compellerent</strong></span> <span class='ocrx_word' id='word_1_130' title='bbox 1433 877 1465 928; x_wconf 83' lang='lat' dir='ltr'><strong>ad</strong></span> <span class='ocrx_word' id='word_1_131' title='bbox 1488 875 1654 929; x_wconf 79' lang='lat' dir='ltr'><strong>suheuudaru</strong></span> <span class='ocrx_word' id='word_1_132' title='bbox 1669 876 1758 930; x_wconf 88' lang='lat' dir='ltr'><strong>ronti·</strong></span> 
     </span>
     <span class='ocr_line' id='line_1_10' title="bbox 129 945 1758 1022; baseline -0.007 -14"><span class='ocrx_word' id='word_1_133' title='bbox 129 959 170 1009; x_wconf 81' lang='lat' dir='ltr'><strong>rel</strong></span> <span class='ocrx_word' id='word_1_134' title='bbox 187 957 263 1020; x_wconf 72' lang='lat' dir='ltr'><strong>lesaii</strong></span> <span class='ocrx_word' id='word_1_135' title='bbox 275 951 424 1022; x_wconf 63' lang='lat' dir='ltr'><strong>apostolici,</strong></span> <span class='ocrx_word' id='word_1_136' title='bbox 448 949 490 1003; x_wconf 81' lang='lat' dir='ltr'><strong>rei</strong></span> <span class='ocrx_word' id='word_1_137' title='bbox 510 949 646 1004; x_wconf 81' lang='lat' dir='ltr'><strong>Aurelius.</strong></span> <span class='ocrx_word' id='word_1_138' title='bbox 670 947 914 1020; x_wconf 77' lang='lat' dir='ltr'><strong>cujusauetorilate</strong></span> <span class='ocrx_word' id='word_1_139' title='bbox 966 946 1046 999; x_wconf 89' lang='lat' dir='ltr'><strong>nendi</strong></span> <span class='ocrx_word' id='word_1_140' title='bbox 1064 947 1264 1010; x_wconf 59' lang='lat' dir='ltr'><strong>necessitatem</strong></span> <span class='ocrx_word' id='word_1_141' title='bbox 1281 945 1473 1016; x_wconf 64' lang='lat' dir='ltr'><strong>innectendas</strong></span> <span class='ocrx_word' id='word_1_142' title='bbox 1493 947 1575 998; x_wconf 80' lang='lat' dir='ltr'><strong>etiam</strong></span> <span class='ocrx_word' id='word_1_143' title='bbox 1590 945 1622 997; x_wconf 87' lang='lat' dir='ltr'><strong>ad</strong></span> <span class='ocrx_word' id='word_1_144' title='bbox 1636 948 1758 1000; x_wconf 84' lang='lat' dir='ltr'><strong>eamdem</strong></span> 
     </span>
     <span class='ocr_line' id='line_1_11' title="bbox 130 1015 1757 1087; baseline -0.009 -6"><span class='ocrx_word' id='word_1_145' title='bbox 130 1027 280 1081; x_wconf 72' lang='lat' dir='ltr'><strong>Vincentius</strong></span> <span class='ocrx_word' id='word_1_146' title='bbox 298 1033 326 1076; x_wconf 95' lang='lat' dir='ltr'><strong>et</strong></span> <span class='ocrx_word' id='word_1_147' title='bbox 340 1021 544 1075; x_wconf 82' lang='lat' dir='ltr'><strong>Fortuimtianos</strong></span> <span class='ocrx_word' id='word_1_148' title='bbox 564 1018 597 1072; x_wconf 90' lang='lat' dir='ltr'><strong>ad</strong></span> <span class='ocrx_word' id='word_1_149' title='bbox 622 1016 762 1072; x_wconf 66' lang='lat' dir='ltr'><strong>rotensem</strong></span> <span class='ocrx_word' id='word_1_150' title='bbox 781 1019 913 1087; x_wconf 77' lang='lat' dir='ltr'><strong>synodum</strong></span> <span class='ocrx_word' id='word_1_151' title='bbox 965 1016 1164 1070; x_wconf 80' lang='lat' dir='ltr'><strong>observantium</strong></span> <span class='ocrx_word' id='word_1_152' title='bbox 1182 1018 1279 1069; x_wconf 88' lang='lat' dir='ltr'><strong>vellent</strong></span> <span class='ocrx_word' id='word_1_153' title='bbox 1295 1015 1461 1080; x_wconf 81' lang='lat' dir='ltr'><strong>pertriliere.</strong></span> <span class='ocrx_word' id='word_1_154' title='bbox 1484 1015 1561 1070; x_wconf 82' lang='lat' dir='ltr'>Unde</span> <span class='ocrx_word' id='word_1_155' title='bbox 1575 1019 1681 1068; x_wconf 81' lang='lat' dir='ltr'><strong>occasio</strong></span> <span class='ocrx_word' id='word_1_156' title='bbox 1696 1018 1757 1069; x_wconf 77' lang='lat' dir='ltr'><strong>«latu</strong></span> 
     </span>
     <span class='ocr_line' id='line_1_12' title="bbox 127 1085 1759 1161; baseline -0.009 -9"><span class='ocrx_word' id='word_1_157' title='bbox 127 1108 218 1152; x_wconf 85' lang='lat' dir='ltr'><strong>essent</strong></span> <span class='ocrx_word' id='word_1_158' title='bbox 232 1093 355 1161; x_wconf 76' lang='lat' dir='ltr'><strong>delegati,</strong></span> <span class='ocrx_word' id='word_1_159' title='bbox 371 1092 412 1142; x_wconf 81' lang='lat' dir='ltr'><strong>nel</strong></span> <span class='ocrx_word' id='word_1_160' title='bbox 428 1090 477 1154; x_wconf 83' lang='lat' dir='ltr'><strong>ipsi</strong></span> <span class='ocrx_word' id='word_1_161' title='bbox 493 1088 646 1141; x_wconf 79' lang='lat' dir='ltr'><strong>Vincentius</strong></span> <span class='ocrx_word' id='word_1_162' title='bbox 657 1087 913 1148; x_wconf 68' lang='lat' dir='ltr'><strong>etlinriunansnns,</strong></span> <span class='ocrx_word' id='word_1_163' title='bbox 966 1094 995 1138; x_wconf 90' lang='lat' dir='ltr'><strong>ut</strong></span> <span class='ocrx_word' id='word_1_164' title='bbox 1009 1087 1035 1137; x_wconf 88' lang='lat' dir='ltr'><strong>in</strong></span> <span class='ocrx_word' id='word_1_165' title='bbox 1050 1085 1097 1137; x_wconf 91' lang='lat' dir='ltr'><strong>illo</strong></span> <span class='ocrx_word' id='word_1_166' title='bbox 1112 1087 1239 1150; x_wconf 77' lang='lat' dir='ltr'><strong>praeteriro</strong></span> <span class='ocrx_word' id='word_1_167' title='bbox 1250 1085 1358 1139; x_wconf 76' lang='lat' dir='ltr'><strong>couciho</strong></span> <span class='ocrx_word' id='word_1_168' title='bbox 1377 1085 1409 1137; x_wconf 81' lang='lat' dir='ltr'><strong>de</strong></span> <span class='ocrx_word' id='word_1_169' title='bbox 1421 1086 1584 1138; x_wconf 78' lang='lat' dir='ltr'><strong>rontinentia</strong></span> <span class='ocrx_word' id='word_1_170' title='bbox 1594 1096 1616 1136; x_wconf 83' lang='lat' dir='ltr'><strong>et</strong></span> <span class='ocrx_word' id='word_1_171' title='bbox 1636 1086 1759 1140; x_wconf 75' lang='lat' dir='ltr'><strong>caritatis</strong></span> 
     </span>
     <span class='ocr_line' id='line_1_13' title="bbox 127 1155 1759 1234; baseline -0.008 -15"><span class='ocrx_word' id='word_1_172' title='bbox 127 1168 172 1234; x_wconf 76' lang='lat' dir='ltr'><strong>niu</strong></span> <span class='ocrx_word' id='word_1_173' title='bbox 188 1166 294 1233; x_wconf 85' lang='lat' dir='ltr'><strong>utrique</strong></span> <span class='ocrx_word' id='word_1_174' title='bbox 308 1165 368 1214; x_wconf 87' lang='lat' dir='ltr'><strong>huic</strong></span> <span class='ocrx_word' id='word_1_175' title='bbox 383 1159 582 1226; x_wconf 71' lang='lat' dir='ltr'><strong>carthaginensi</strong></span> <span class='ocrx_word' id='word_1_176' title='bbox 597 1156 700 1226; x_wconf 84' lang='lat' dir='ltr'><strong>synodo</strong></span> <span class='ocrx_word' id='word_1_177' title='bbox 714 1158 842 1219; x_wconf 88' lang='lat' dir='ltr'><strong>aderant,</strong></span> <span class='ocrx_word' id='word_1_178' title='bbox 856 1172 915 1211; x_wconf 87' lang='lat' dir='ltr'><strong>cer·</strong></span> <span class='ocrx_word' id='word_1_179' title='bbox 966 1155 1139 1207; x_wconf 81' lang='lat' dir='ltr'><strong>uioderami&#39;ar</strong></span> <span class='ocrx_word' id='word_1_180' title='bbox 1157 1162 1331 1209; x_wconf 71' lang='lat' dir='ltr'><strong>tractaretur:</strong></span> <span class='ocrx_word' id='word_1_181' title='bbox 1352 1165 1378 1209; x_wconf 93' lang='lat' dir='ltr'><strong>et</strong></span> <span class='ocrx_word' id='word_1_182' title='bbox 1388 1156 1437 1209; x_wconf 87' lang='lat' dir='ltr'><strong>soii</strong></span> <span class='ocrx_word' id='word_1_183' title='bbox 1456 1156 1552 1222; x_wconf 83' lang='lat' dir='ltr'><strong>prorius</strong></span> <span class='ocrx_word' id='word_1_184' title='bbox 1567 1156 1615 1208; x_wconf 84' lang='lat' dir='ltr'><strong>lui.</strong></span> <span class='ocrx_word' id='word_1_185' title='bbox 1631 1163 1683 1207; x_wconf 87' lang='lat' dir='ltr'><strong>tres</strong></span> <span class='ocrx_word' id='word_1_186' title='bbox 1697 1172 1759 1208; x_wconf 88' lang='lat' dir='ltr'><strong>con·</strong></span> 
     </span>
     <span class='ocr_line' id='line_1_14' title="bbox 127 1223 1760 1305; baseline -0.009 -14"><span class='ocrx_word' id='word_1_187' title='bbox 127 1236 257 1291; x_wconf 74' lang='lat' dir='ltr'><strong>tissimum</strong></span> <span class='ocrx_word' id='word_1_188' title='bbox 273 1230 343 1300; x_wconf 87' lang='lat' dir='ltr'><strong>apud</strong></span> <span class='ocrx_word' id='word_1_189' title='bbox 358 1246 400 1284; x_wconf 89' lang='lat' dir='ltr'><strong>rue</strong></span> <span class='ocrx_word' id='word_1_190' title='bbox 423 1238 465 1283; x_wconf 86' lang='lat' dir='ltr'><strong>est</strong></span> <span class='ocrx_word' id='word_1_191' title='bbox 486 1227 677 1296; x_wconf 86' lang='lat' dir='ltr'><strong>suppo-ilionis</strong></span> <span class='ocrx_word' id='word_1_192' title='bbox 701 1229 771 1281; x_wconf 89' lang='lat' dir='ltr'><strong>illius</strong></span> <span class='ocrx_word' id='word_1_193' title='bbox 793 1228 915 1296; x_wconf 72' lang='lat' dir='ltr'><strong>epistolae</strong></span> <span class='ocrx_word' id='word_1_194' title='bbox 966 1225 1106 1305; x_wconf 72' lang='lat' dir='ltr'><strong>scriptione</strong></span> <span class='ocrx_word' id='word_1_195' title='bbox 1116 1223 1227 1292; x_wconf 83' lang='lat' dir='ltr'><strong>quadam</strong></span> <span class='ocrx_word' id='word_1_196' title='bbox 1241 1225 1354 1282; x_wconf 77' lang='lat' dir='ltr'><strong>castitati</strong></span> <span class='ocrx_word' id='word_1_197' title='bbox 1374 1228 1646 1295; x_wconf 66' lang='lat' dir='ltr'><strong>pacoiicecrationcnt</strong></span> <span class='ocrx_word' id='word_1_198' title='bbox 1664 1225 1760 1278; x_wconf 82' lang='lat' dir='ltr'><strong>auirrai</strong></span> 
     </span>
     <span class='ocr_line' id='line_1_15' title="bbox 127 1304 1029 1359; baseline 0.003 -15"><span class='ocrx_word' id='word_1_199' title='bbox 127 1326 134 1359; x_wconf 52' lang='grc' dir='ltr'><strong>ὅ</strong></span> <span class='ocrx_word' id='word_1_200' title='bbox 271 1320 277 1353; x_wconf 79' lang='grc' dir='ltr'>Ι</span> <span class='ocrx_word' id='word_1_201' title='bbox 317 1327 341 1355; x_wconf 45' lang='lat' dir='ltr'>s</span> <span class='ocrx_word' id='word_1_202' title='bbox 966 1304 1029 1347; x_wconf 63' lang='lat' dir='ltr'><strong>sime</strong></span> 
     </span>
     <span class='ocr_line' id='line_1_16' title="bbox 132 1314 1759 1440; baseline -0.009 -10"><span class='ocrx_word' id='word_1_203' title='bbox 132 1314 360 1440; x_wconf 42' lang='grc' dir='ltr'><strong>πῗὲιῗὲιᾞιιιᾞιςο</strong></span> <span class='ocrx_word' id='word_1_204' title='bbox 371 1367 543 1424; x_wconf 80' lang='lat' dir='ltr'><strong>illustrissimi</strong></span> <span class='ocrx_word' id='word_1_205' title='bbox 555 1365 626 1421; x_wconf 84' lang='lat' dir='ltr'><strong>Petrl</strong></span> <span class='ocrx_word' id='word_1_206' title='bbox 636 1366 731 1422; x_wconf 78' lang='lat' dir='ltr'><strong>iiarcoe</strong></span> <span class='ocrx_word' id='word_1_207' title='bbox 743 1365 912 1435; x_wconf 84' lang='lat' dir='ltr'><strong>conjectura:</strong></span> <span class='ocrx_word' id='word_1_208' title='bbox 1004 1367 1041 1417; x_wconf 81' lang='lat' dir='ltr'><strong>Ex</strong></span> <span class='ocrx_word' id='word_1_209' title='bbox 1054 1362 1132 1416; x_wconf 73' lang='lat' dir='ltr'><strong>«lictis</strong></span> <span class='ocrx_word' id='word_1_210' title='bbox 1146 1362 1211 1416; x_wconf 77' lang='lat' dir='ltr'><strong>satis</strong></span> <span class='ocrx_word' id='word_1_211' title='bbox 1226 1361 1357 1431; x_wconf 61' lang='lat' dir='ltr'><strong>¹superine</strong></span> <span class='ocrx_word' id='word_1_212' title='bbox 1370 1363 1521 1430; x_wconf 85' lang='lat' dir='ltr'><strong>probatum,</strong></span> <span class='ocrx_word' id='word_1_213' title='bbox 1534 1363 1560 1417; x_wconf 91' lang='lat' dir='ltr'><strong>ui</strong></span> <span class='ocrx_word' id='word_1_214' title='bbox 1573 1362 1661 1428; x_wconf 86' lang='lat' dir='ltr'><strong>iiiior,</strong></span> <span class='ocrx_word' id='word_1_215' title='bbox 1676 1363 1759 1418; x_wconf 77' lang='lat' dir='ltr'><strong>liche-</strong></span> 
     </span>
     <span class='ocr_line' id='line_1_17' title="bbox 127 1432 1758 1515; baseline -0.007 -18"><span class='ocrx_word' id='word_1_216' title='bbox 127 1446 173 1515; x_wconf 84' lang='lat' dir='ltr'><strong>rpii</strong></span> <span class='ocrx_word' id='word_1_217' title='bbox 190 1447 300 1511; x_wconf 84' lang='lat' dir='ltr'><strong>primam</strong></span> <span class='ocrx_word' id='word_1_218' title='bbox 314 1439 485 1495; x_wconf 79' lang='lat' dir='ltr'><strong>continentiae</strong></span> <span class='ocrx_word' id='word_1_219' title='bbox 499 1437 630 1492; x_wconf 85' lang='lat' dir='ltr'><strong>clericalis</strong></span> <span class='ocrx_word' id='word_1_220' title='bbox 642 1437 829 1491; x_wconf 79' lang='lat' dir='ltr'><strong>necessitatem</strong></span> <span class='ocrx_word' id='word_1_221' title='bbox 843 1439 913 1503; x_wconf 83' lang='lat' dir='ltr'><strong>apud</strong></span> <span class='ocrx_word' id='word_1_222' title='bbox 966 1444 1021 1496; x_wconf 84' lang='lat' dir='ltr'><strong>tur,</strong></span> <span class='ocrx_word' id='word_1_223' title='bbox 1038 1433 1165 1500; x_wconf 78' lang='lat' dir='ltr'><strong>‹pnidcuiil</strong></span> <span class='ocrx_word' id='word_1_224' title='bbox 1181 1437 1238 1487; x_wconf 83' lang='lat' dir='ltr'><strong>sire</strong></span> <span class='ocrx_word' id='word_1_225' title='bbox 1268 1435 1294 1486; x_wconf 91' lang='lat' dir='ltr'><strong>ia</strong></span> <span class='ocrx_word' id='word_1_226' title='bbox 1309 1433 1354 1487; x_wconf 83' lang='lat' dir='ltr'><strong>il‘o</strong></span> <span class='ocrx_word' id='word_1_227' title='bbox 1368 1432 1463 1500; x_wconf 80' lang='lat' dir='ltr'><strong>synodi</strong></span> <span class='ocrx_word' id='word_1_228' title='bbox 1488 1435 1647 1498; x_wconf 72' lang='lat' dir='ltr'><strong>lrrpmrutu,</strong></span> <span class='ocrx_word' id='word_1_229' title='bbox 1662 1434 1718 1488; x_wconf 88' lang='lat' dir='ltr'><strong>sire</strong></span> <span class='ocrx_word' id='word_1_230' title='bbox 1732 1435 1758 1487; x_wconf 93' lang='lat' dir='ltr'><strong>iu</strong></span> 
     </span>
     <span class='ocr_line' id='line_1_18' title="bbox 130 1502 1758 1571; baseline -0.009 -1"><span class='ocrx_word' id='word_1_231' title='bbox 130 1514 268 1570; x_wconf 86' lang='lat' dir='ltr'><strong>lllricanas</strong></span> <span class='ocrx_word' id='word_1_232' title='bbox 291 1511 453 1568; x_wconf 80' lang='lat' dir='ltr'><strong>Ecclesiasa</strong></span> <span class='ocrx_word' id='word_1_233' title='bbox 475 1507 563 1566; x_wconf 82' lang='lat' dir='ltr'><strong>siricii</strong></span> <span class='ocrx_word' id='word_1_234' title='bbox 583 1506 772 1562; x_wconf 88' lang='lat' dir='ltr'><strong>constitutione</strong></span> <span class='ocrx_word' id='word_1_235' title='bbox 794 1521 916 1560; x_wconf 78' lang='lat' dir='ltr'><strong>mannasse</strong></span> <span class='ocrx_word' id='word_1_236' title='bbox 967 1504 1078 1570; x_wconf 83' lang='lat' dir='ltr'><strong>epistola</strong></span> <span class='ocrx_word' id='word_1_237' title='bbox 1094 1504 1223 1556; x_wconf 74' lang='lat' dir='ltr'><strong>staciani</strong></span> <span class='ocrx_word' id='word_1_238' title='bbox 1247 1507 1272 1557; x_wconf 85' lang='lat' dir='ltr'><strong>el</strong></span> <span class='ocrx_word' id='word_1_239' title='bbox 1292 1504 1434 1571; x_wconf 80' lang='lat' dir='ltr'><strong>sirhjoneta</strong></span> <span class='ocrx_word' id='word_1_240' title='bbox 1459 1502 1623 1568; x_wconf 86' lang='lat' dir='ltr'><strong>coutiuetur,</strong></span> <span class='ocrx_word' id='word_1_241' title='bbox 1649 1520 1758 1570; x_wconf 78' lang='lat' dir='ltr'><strong>prorsus</strong></span> 
     </span>
     <span class='ocr_line' id='line_1_19' title="bbox 129 1569 1758 1645; baseline -0.004 -13"><span class='ocrx_word' id='word_1_242' title='bbox 129 1587 225 1639; x_wconf 72' lang='lat' dir='ltr'><strong>asserit</strong></span> <span class='ocrx_word' id='word_1_243' title='bbox 237 1579 393 1635; x_wconf 72' lang='lat' dir='ltr'><strong>concordio</strong></span> <span class='ocrx_word' id='word_1_244' title='bbox 410 1581 455 1631; x_wconf 89' lang='lat' dir='ltr'><strong>lili.</strong></span> <span class='ocrx_word' id='word_1_245' title='bbox 469 1593 490 1640; x_wconf 87' lang='lat' dir='ltr'><strong>a,</strong></span> <span class='ocrx_word' id='word_1_246' title='bbox 506 1593 565 1645; x_wconf 87' lang='lat' dir='ltr'><strong>cap.</strong></span> <span class='ocrx_word' id='word_1_247' title='bbox 581 1577 608 1642; x_wconf 84' lang='lat'><strong>8,</strong></span> <span class='ocrx_word' id='word_1_248' title='bbox 620 1592 696 1631; x_wconf 90' lang='lat' dir='ltr'><strong>num.</strong></span> <span class='ocrx_word' id='word_1_249' title='bbox 711 1577 738 1631; x_wconf 79' lang='grc'><strong>1.</strong></span> <span class='ocrx_word' id='word_1_250' title='bbox 754 1576 828 1631; x_wconf 88' lang='lat' dir='ltr'><strong>Unde</strong></span> <span class='ocrx_word' id='word_1_251' title='bbox 843 1569 915 1630; x_wconf 74' lang='lat' dir='ltr'><strong>enim</strong></span> <span class='ocrx_word' id='word_1_252' title='bbox 967 1574 1179 1627; x_wconf 86' lang='lat' dir='ltr'><strong>coirimeutilium</strong></span> <span class='ocrx_word' id='word_1_253' title='bbox 1207 1587 1266 1627; x_wconf 79' lang='lat' dir='ltr'><strong>esse</strong></span> <span class='ocrx_word' id='word_1_254' title='bbox 1293 1574 1487 1640; x_wconf 88' lang='lat' dir='ltr'><strong>etirupostoris</strong></span> <span class='ocrx_word' id='word_1_255' title='bbox 1522 1585 1580 1624; x_wconf 88' lang='lat' dir='ltr'><strong>arte</strong></span> <span class='ocrx_word' id='word_1_256' title='bbox 1603 1574 1758 1627; x_wconf 89' lang='lat' dir='ltr'><strong>conlictiuu.</strong></span> 
     </span>
     <span class='ocr_line' id='line_1_20' title="bbox 129 1641 1758 1725; baseline -0.004 -21"><span class='ocrx_word' id='word_1_257' title='bbox 129 1655 246 1725; x_wconf 74' lang='lat' dir='ltr'><strong>id931</strong></span> <span class='ocrx_word' id='word_1_258' title='bbox 258 1649 406 1705; x_wconf 78' lang='lat' dir='ltr'><strong>a&#39;lllriuamli</strong></span> <span class='ocrx_word' id='word_1_259' title='bbox 424 1648 637 1717; x_wconf 78' lang='lat' dir='ltr'><strong>fiduciamcepit,</strong></span> <span class='ocrx_word' id='word_1_260' title='bbox 650 1646 711 1702; x_wconf 87' lang='lat' dir='ltr'><strong>inde</strong></span> <span class='ocrx_word' id='word_1_261' title='bbox 724 1660 775 1714; x_wconf 74' lang='lat' dir='ltr'><strong>epo</strong></span> <span class='ocrx_word' id='word_1_262' title='bbox 788 1645 858 1701; x_wconf 90' lang='lat' dir='ltr'><strong>idem</strong></span> <span class='ocrx_word' id='word_1_263' title='bbox 869 1661 917 1700; x_wconf 87' lang='lat' dir='ltr'><strong>ne·</strong></span> <span class='ocrx_word' id='word_1_264' title='bbox 970 1641 1056 1698; x_wconf 83' lang='lat' dir='ltr'><strong>Uriniiu</strong></span> <span class='ocrx_word' id='word_1_265' title='bbox 1069 1653 1110 1694; x_wconf 83' lang='lat' dir='ltr'><strong>cst</strong></span> <span class='ocrx_word' id='word_1_266' title='bbox 1122 1658 1154 1697; x_wconf 83' lang='lat' dir='ltr'><strong>cr</strong></span> <span class='ocrx_word' id='word_1_267' title='bbox 1170 1659 1223 1710; x_wconf 79' lang='lat' dir='ltr'><strong>quo</strong></span> <span class='ocrx_word' id='word_1_268' title='bbox 1239 1641 1304 1695; x_wconf 82' lang='lat' dir='ltr'><strong>nuel</strong></span> <span class='ocrx_word' id='word_1_269' title='bbox 1324 1658 1376 1695; x_wconf 92' lang='lat' dir='ltr'><strong>nou</strong></span> <span class='ocrx_word' id='word_1_270' title='bbox 1399 1643 1463 1695; x_wconf 87' lang='lat' dir='ltr'><strong>nihil</strong></span> <span class='ocrx_word' id='word_1_271' title='bbox 1490 1643 1586 1696; x_wconf 90' lang='lat' dir='ltr'><strong>mereri</strong></span> <span class='ocrx_word' id='word_1_272' title='bbox 1616 1644 1735 1697; x_wconf 86' lang='lat' dir='ltr'><strong>rideatur</strong></span> <span class='ocrx_word' id='word_1_273' title='bbox 1752 1684 1758 1696; x_wconf 94' lang='lat'><strong><em>.</em></strong></span> 
     </span>
     <span class='ocr_line' id='line_1_21' title="bbox 127 1712 1762 1790; baseline -0.005 -16"><span class='ocrx_word' id='word_1_274' title='bbox 127 1723 207 1790; x_wconf 74' lang='lat' dir='ltr'><strong>pandi</strong></span> <span class='ocrx_word' id='word_1_275' title='bbox 218 1732 402 1788; x_wconf 67' lang='lat' dir='ltr'><strong>argumentum</strong></span> <span class='ocrx_word' id='word_1_276' title='bbox 417 1735 504 1773; x_wconf 90' lang='lat' dir='ltr'><strong>sumo.</strong></span> <span class='ocrx_word' id='word_1_277' title='bbox 516 1718 618 1788; x_wconf 82' lang='lat' dir='ltr'><strong>Quippe</strong></span> <span class='ocrx_word' id='word_1_278' title='bbox 628 1733 689 1772; x_wconf 89' lang='lat' dir='ltr'><strong>cum</strong></span> <span class='ocrx_word' id='word_1_279' title='bbox 704 1717 790 1772; x_wconf 89' lang='lat' dir='ltr'><strong>tamin</strong></span> <span class='ocrx_word' id='word_1_280' title='bbox 801 1716 917 1771; x_wconf 87' lang='lat' dir='ltr'><strong>coneilio</strong></span> <span class='ocrx_word' id='word_1_281' title='bbox 967 1712 1038 1780; x_wconf 82' lang='lat' dir='ltr'><strong>cuod</strong></span> <span class='ocrx_word' id='word_1_282' title='bbox 1053 1713 1177 1767; x_wconf 84' lang='lat' dir='ltr'><strong>videlicet</strong></span> <span class='ocrx_word' id='word_1_283' title='bbox 1193 1713 1301 1766; x_wconf 73' lang='lat' dir='ltr'><strong>insertas</strong></span> <span class='ocrx_word' id='word_1_284' title='bbox 1323 1713 1376 1766; x_wconf 85' lang='lat' dir='ltr'><strong>sint</strong></span> <span class='ocrx_word' id='word_1_285' title='bbox 1395 1713 1513 1781; x_wconf 74' lang='lat' dir='ltr'><strong>synnodus</strong></span> <span class='ocrx_word' id='word_1_286' title='bbox 1530 1720 1559 1766; x_wconf 88' lang='lat' dir='ltr'><strong>et</strong></span> <span class='ocrx_word' id='word_1_287' title='bbox 1581 1713 1693 1778; x_wconf 84' lang='lat' dir='ltr'><strong>epismln</strong></span> <span class='ocrx_word' id='word_1_288' title='bbox 1709 1715 1762 1767; x_wconf 85' lang='lat' dir='ltr'><strong>Co-</strong></span> 
     </span>
     <span class='ocr_line' id='line_1_22' title="bbox 127 1781 1759 1871; baseline -0.009 -20"><span class='ocrx_word' id='word_1_289' title='bbox 127 1793 331 1862; x_wconf 70' lang='lat' dir='ltr'><strong>Carthaginensi</strong></span> <span class='ocrx_word' id='word_1_290' title='bbox 338 1792 399 1845; x_wconf 82' lang='lat' dir='ltr'><strong>atini</strong></span> <span class='ocrx_word' id='word_1_291' title='bbox 410 1789 582 1859; x_wconf 73' lang='lat' dir='ltr'><strong>ssoqnuntn</strong></span> <span class='ocrx_word' id='word_1_292' title='bbox 594 1786 836 1857; x_wconf 68' lang='lat' dir='ltr'><strong>praecdtoconcilio</strong></span> <span class='ocrx_word' id='word_1_293' title='bbox 845 1785 917 1869; x_wconf 86' lang='lat' dir='ltr'><strong>qood</strong></span> <span class='ocrx_word' id='word_1_294' title='bbox 932 1812 955 1871; x_wconf 74' lang='lat' dir='ltr'>B</span> <span class='ocrx_word' id='word_1_295' title='bbox 968 1784 1020 1838; x_wconf 92' lang='lat' dir='ltr'><strong>dici</strong></span> <span class='ocrx_word' id='word_1_296' title='bbox 1035 1784 1072 1837; x_wconf 92' lang='lat' dir='ltr'><strong>illi</strong></span> <span class='ocrx_word' id='word_1_297' title='bbox 1084 1783 1213 1846; x_wconf 80' lang='lat' dir='ltr'><strong>haniaria,</strong></span> <span class='ocrx_word' id='word_1_298' title='bbox 1226 1781 1300 1849; x_wconf 83' lang='lat' dir='ltr'><strong>ctijus</strong></span> <span class='ocrx_word' id='word_1_299' title='bbox 1311 1791 1338 1835; x_wconf 91' lang='lat' dir='ltr'><strong>et</strong></span> <span class='ocrx_word' id='word_1_300' title='bbox 1348 1783 1532 1850; x_wconf 75' lang='lat' dir='ltr'><strong>antiquitatem</strong></span> <span class='ocrx_word' id='word_1_301' title='bbox 1543 1795 1569 1835; x_wconf 85' lang='lat' dir='ltr'><strong>ct</strong></span> <span class='ocrx_word' id='word_1_302' title='bbox 1578 1783 1759 1838; x_wconf 76' lang='lat' dir='ltr'><strong>sinceritatem</strong></span> 
     </span>
     <span class='ocr_line' id='line_1_23' title="bbox 130 1851 1762 1924; baseline -0.009 -6"><span class='ocrx_word' id='word_1_303' title='bbox 130 1868 157 1920; x_wconf 90' lang='lat' dir='ltr'><strong>in</strong></span> <span class='ocrx_word' id='word_1_304' title='bbox 171 1864 218 1919; x_wconf 93' lang='lat' dir='ltr'><strong>illo</strong></span> <span class='ocrx_word' id='word_1_305' title='bbox 237 1861 349 1924; x_wconf 85' lang='lat' dir='ltr'><strong>citatur,</strong></span> <span class='ocrx_word' id='word_1_306' title='bbox 376 1861 476 1914; x_wconf 88' lang='lat' dir='ltr'><strong>mentio</strong></span> <span class='ocrx_word' id='word_1_307' title='bbox 501 1875 553 1913; x_wconf 90' lang='lat' dir='ltr'><strong>nou</strong></span> <span class='ocrx_word' id='word_1_308' title='bbox 572 1868 608 1911; x_wconf 87' lang='lat' dir='ltr'><strong>sit</strong></span> <span class='ocrx_word' id='word_1_309' title='bbox 621 1857 743 1914; x_wconf 85' lang='lat' dir='ltr'><strong>Siriciani</strong></span> <span class='ocrx_word' id='word_1_310' title='bbox 762 1857 863 1913; x_wconf 85' lang='lat' dir='ltr'><strong>decreti</strong></span> <span class='ocrx_word' id='word_1_311' title='bbox 887 1858 913 1911; x_wconf 92' lang='lat' dir='ltr'><strong>in</strong></span> <span class='ocrx_word' id='word_1_312' title='bbox 968 1853 1018 1924; x_wconf 87' lang='lat' dir='ltr'><strong>ipsi</strong></span> <span class='ocrx_word' id='word_1_313' title='bbox 1033 1860 1172 1920; x_wconf 74' lang='lat' dir='ltr'><strong>tantopore</strong></span> <span class='ocrx_word' id='word_1_314' title='bbox 1185 1853 1440 1907; x_wconf 79' lang='lat' dir='ltr'><strong>commendavimus.</strong></span> <span class='ocrx_word' id='word_1_315' title='bbox 1460 1851 1557 1906; x_wconf 82' lang='lat' dir='ltr'><strong>Verum</strong></span> <span class='ocrx_word' id='word_1_316' title='bbox 1574 1867 1627 1905; x_wconf 84' lang='lat' dir='ltr'><strong>riou</strong></span> <span class='ocrx_word' id='word_1_317' title='bbox 1643 1855 1706 1906; x_wconf 89' lang='lat' dir='ltr'><strong>tanti</strong></span> <span class='ocrx_word' id='word_1_318' title='bbox 1719 1862 1762 1906; x_wconf 84' lang='lat' dir='ltr'><strong>est</strong></span> 
     </span>
     <span class='ocr_line' id='line_1_24' title="bbox 128 1923 1757 1993; baseline -0.01 -2"><span class='ocrx_word' id='word_1_319' title='bbox 128 1934 246 1991; x_wconf 72' lang='lat' dir='ltr'><strong>Africani</strong></span> <span class='ocrx_word' id='word_1_320' title='bbox 264 1931 339 1986; x_wconf 90' lang='lat' dir='ltr'><strong>missi</strong></span> <span class='ocrx_word' id='word_1_321' title='bbox 365 1929 403 1984; x_wconf 85' lang='lat' dir='ltr'><strong>et&#39;</strong></span> <span class='ocrx_word' id='word_1_322' title='bbox 417 1928 529 1993; x_wconf 85' lang='lat' dir='ltr'><strong>receuti,</strong></span> <span class='ocrx_word' id='word_1_323' title='bbox 551 1929 648 1982; x_wconf 88' lang='lat' dir='ltr'><strong>molins</strong></span> <span class='ocrx_word' id='word_1_324' title='bbox 670 1942 702 1980; x_wconf 82' lang='lat' dir='ltr'><strong>ex</strong></span> <span class='ocrx_word' id='word_1_325' title='bbox 727 1927 772 1982; x_wconf 71' lang='lat' dir='ltr'><strong>itio</strong></span> <span class='ocrx_word' id='word_1_326' title='bbox 795 1926 915 1991; x_wconf 85' lang='lat' dir='ltr'><strong>rejicitur</strong></span> <span class='ocrx_word' id='word_1_327' title='bbox 966 1923 1113 1983; x_wconf 77' lang='lat' dir='ltr'><strong>hecratin,</strong></span> <span class='ocrx_word' id='word_1_328' title='bbox 1128 1924 1312 1976; x_wconf 78' lang='lat' dir='ltr'><strong>utcontrariii</strong></span> <span class='ocrx_word' id='word_1_329' title='bbox 1326 1923 1492 1990; x_wconf 74' lang='lat' dir='ltr'><strong>argumentis</strong></span> <span class='ocrx_word' id='word_1_330' title='bbox 1506 1924 1631 1987; x_wconf 90' lang='lat' dir='ltr'><strong>superius</strong></span> <span class='ocrx_word' id='word_1_331' title='bbox 1645 1924 1757 1987; x_wconf 82' lang='lat' dir='ltr'><strong>prolatis</strong></span> 
     </span>
     <span class='ocr_line' id='line_1_25' title="bbox 148 1991 1761 2063; baseline -0.008 -6"><span class='ocrx_word' id='word_1_332' title='bbox 148 2020 209 2060; x_wconf 87' lang='lat' dir='ltr'><strong>uam</strong></span> <span class='ocrx_word' id='word_1_333' title='bbox 221 2003 348 2056; x_wconf 78' lang='lat' dir='ltr'><strong>astruinn</strong></span> <span class='ocrx_word' id='word_1_334' title='bbox 363 1999 500 2055; x_wconf 74' lang='lat' dir='ltr'><strong>siriciana</strong></span> <span class='ocrx_word' id='word_1_335' title='bbox 514 1997 592 2063; x_wconf 71' lang='lat' dir='ltr'><strong>tropis</strong></span> <span class='ocrx_word' id='word_1_336' title='bbox 613 1999 655 2062; x_wconf 87' lang='lat' dir='ltr'><strong>epi</strong></span> <span class='ocrx_word' id='word_1_337' title='bbox 672 2000 732 2049; x_wconf 76' lang='lat' dir='ltr'><strong>tnnc</strong></span> <span class='ocrx_word' id='word_1_338' title='bbox 756 1999 912 2050; x_wconf 79' lang='lat' dir='ltr'><strong>airctoritas.</strong></span> <span class='ocrx_word' id='word_1_339' title='bbox 965 1993 1171 2062; x_wconf 68' lang='lat' dir='ltr'><strong>praeponderare</strong></span> <span class='ocrx_word' id='word_1_340' title='bbox 1182 1991 1401 2062; x_wconf 76' lang='lat' dir='ltr'><strong>dennaizlntcnm</strong></span> <span class='ocrx_word' id='word_1_341' title='bbox 1412 1991 1490 2045; x_wconf 87' lang='lat' dir='ltr'><strong>lacile</strong></span> <span class='ocrx_word' id='word_1_342' title='bbox 1501 1995 1618 2059; x_wconf 88' lang='lat' dir='ltr'><strong>potuerit</strong></span> <span class='ocrx_word' id='word_1_343' title='bbox 1632 1994 1761 2059; x_wconf 88' lang='lat' dir='ltr'><strong>posterio-</strong></span> 
     </span>
     <span class='ocr_line' id='line_1_26' title="bbox 127 2022 1762 2141; baseline -0.01 -11"><span class='ocrx_word' id='word_1_344' title='bbox 127 2022 231 2130; x_wconf 49' lang='lat' dir='ltr'><strong>sseinde</strong></span> <span class='ocrx_word' id='word_1_345' title='bbox 243 2072 302 2141; x_wconf 80' lang='lat' dir='ltr'><strong>nais</strong></span> <span class='ocrx_word' id='word_1_346' title='bbox 317 2071 432 2125; x_wconf 78' lang='lat' dir='ltr'><strong>Marcam</strong></span> <span class='ocrx_word' id='word_1_347' title='bbox 445 2069 534 2123; x_wconf 83' lang='lat' dir='ltr'><strong>docuit</strong></span> <span class='ocrx_word' id='word_1_348' title='bbox 548 2066 687 2121; x_wconf 81' lang='lat' dir='ltr'><strong>concltnnn</strong></span> <span class='ocrx_word' id='word_1_349' title='bbox 711 2066 774 2120; x_wconf 89' lang='lat' dir='ltr'><strong>illud</strong></span> <span class='ocrx_word' id='word_1_350' title='bbox 794 2075 860 2128; x_wconf 66' lang='lat' dir='ltr'><strong>pinet</strong></span> <span class='ocrx_word' id='word_1_351' title='bbox 870 2067 914 2119; x_wconf 78' lang='lat' dir='ltr'><strong>ui·</strong></span> <span class='ocrx_word' id='word_1_352' title='bbox 966 2063 1155 2117; x_wconf 80' lang='lat' dir='ltr'><strong>rihussaecaiis</strong></span> <span class='ocrx_word' id='word_1_353' title='bbox 1166 2068 1281 2132; x_wconf 79' lang='lat' dir='ltr'><strong>genuino</strong></span> <span class='ocrx_word' id='word_1_354' title='bbox 1291 2061 1376 2116; x_wconf 81' lang='lat' dir='ltr'><strong>codici</strong></span> <span class='ocrx_word' id='word_1_355' title='bbox 1391 2063 1511 2116; x_wconf 87' lang='lat' dir='ltr'><strong>tlctitium</strong></span> <span class='ocrx_word' id='word_1_356' title='bbox 1526 2061 1655 2127; x_wconf 90' lang='lat' dir='ltr'><strong>scriptum</strong></span> <span class='ocrx_word' id='word_1_357' title='bbox 1666 2077 1762 2129; x_wconf 86' lang='lat' dir='ltr'><strong>supcr-</strong></span> 
     </span>
     <span class='ocr_line' id='line_1_27' title="bbox 129 2131 1762 2208; baseline -0.009 -9"><span class='ocrx_word' id='word_1_358' title='bbox 129 2154 186 2199; x_wconf 91' lang='lat' dir='ltr'><strong>tum</strong></span> <span class='ocrx_word' id='word_1_359' title='bbox 200 2157 303 2198; x_wconf 79' lang='lat' dir='ltr'><strong>esnone</strong></span> <span class='ocrx_word' id='word_1_360' title='bbox 317 2137 517 2208; x_wconf 73' lang='lat' dir='ltr'><strong>thirtliagiueusi</strong></span> <span class='ocrx_word' id='word_1_361' title='bbox 530 2144 649 2190; x_wconf 74' lang='lat' dir='ltr'><strong>notarim</strong></span> <span class='ocrx_word' id='word_1_362' title='bbox 663 2146 724 2186; x_wconf 86' lang='lat' dir='ltr'><strong>ante</strong></span> <span class='ocrx_word' id='word_1_363' title='bbox 738 2150 835 2189; x_wconf 77' lang='lat' dir='ltr'><strong>:nanum</strong></span> <span class='ocrx_word' id='word_1_364' title='bbox 848 2136 912 2203; x_wconf 73' lang='lat'><strong>588,</strong></span> <span class='ocrx_word' id='word_1_365' title='bbox 964 2132 1039 2188; x_wconf 78' lang='lat' dir='ltr'><strong>eddi.</strong></span> <span class='ocrx_word' id='word_1_366' title='bbox 1055 2133 1111 2188; x_wconf 80' lang='lat' dir='ltr'><strong>tine</strong></span> <span class='ocrx_word' id='word_1_367' title='bbox 1132 2148 1166 2188; x_wconf 89' lang='lat' dir='ltr'><strong>eo</strong></span> <span class='ocrx_word' id='word_1_368' title='bbox 1186 2132 1350 2204; x_wconf 81' lang='lat' dir='ltr'><strong>prohnliilius</strong></span> <span class='ocrx_word' id='word_1_369' title='bbox 1363 2141 1415 2193; x_wconf 79' lang='lat' dir='ltr'><strong>est,</strong></span> <span class='ocrx_word' id='word_1_370' title='bbox 1437 2132 1507 2199; x_wconf 78' lang='lat' dir='ltr'><strong>aliod</strong></span> <span class='ocrx_word' id='word_1_371' title='bbox 1521 2131 1642 2186; x_wconf 88' lang='lat' dir='ltr'><strong>ultimum</strong></span> <span class='ocrx_word' id='word_1_372' title='bbox 1657 2133 1762 2200; x_wconf 89' lang='lat' dir='ltr'><strong>capito·</strong></span> 
     </span>
     <span class='ocr_line' id='line_1_28' title="bbox 128 2202 1761 2275; baseline -0.009 -7"><span class='ocrx_word' id='word_1_373' title='bbox 128 2216 173 2269; x_wconf 85' lang='lat' dir='ltr'><strong>rel</strong></span> <span class='ocrx_word' id='word_1_374' title='bbox 186 2215 265 2269; x_wconf 81' lang='lat' dir='ltr'><strong>etiam</strong></span> <span class='ocrx_word' id='word_1_375' title='bbox 289 2209 454 2264; x_wconf 83' lang='lat' dir='ltr'><strong>ante&#39;Siricii</strong></span> <span class='ocrx_word' id='word_1_376' title='bbox 475 2207 655 2275; x_wconf 73' lang='lat' dir='ltr'><strong>pontificatum</strong></span> <span class='ocrx_word' id='word_1_377' title='bbox 676 2206 839 2259; x_wconf 82' lang='lat' dir='ltr'><strong>celebratum</strong></span> <span class='ocrx_word' id='word_1_378' title='bbox 861 2221 913 2258; x_wconf 91' lang='lat' dir='ltr'><strong>nou</strong></span> <span class='ocrx_word' id='word_1_379' title='bbox 965 2202 1053 2257; x_wconf 89' lang='lat' dir='ltr'><strong>lornro</strong></span> <span class='ocrx_word' id='word_1_380' title='bbox 1075 2204 1163 2258; x_wconf 91' lang='lat' dir='ltr'><strong>locum</strong></span> <span class='ocrx_word' id='word_1_381' title='bbox 1179 2212 1302 2267; x_wconf 88' lang='lat' dir='ltr'><strong>occupat,</strong></span> <span class='ocrx_word' id='word_1_382' title='bbox 1318 2203 1361 2255; x_wconf 87' lang='lat' dir='ltr'><strong>uhi</strong></span> <span class='ocrx_word' id='word_1_383' title='bbox 1378 2202 1533 2271; x_wconf 79' lang='lat' dir='ltr'><strong>plerumque</strong></span> <span class='ocrx_word' id='word_1_384' title='bbox 1547 2205 1654 2257; x_wconf 85' lang='lat' dir='ltr'><strong>aiioecti</strong></span> <span class='ocrx_word' id='word_1_385' title='bbox 1671 2203 1761 2258; x_wconf 87' lang='lat' dir='ltr'><strong>solent</strong></span> 
     </span>
     <span class='ocr_line' id='line_1_29' title="bbox 129 2272 1757 2347; baseline -0.008 -9"><span class='ocrx_word' id='word_1_386' title='bbox 129 2284 231 2338; x_wconf 77' lang='lat' dir='ltr'><strong>linisset</strong></span> <span class='ocrx_word' id='word_1_387' title='bbox 248 2280 365 2347; x_wconf 77' lang='lat' dir='ltr'><strong>hortique</strong></span> <span class='ocrx_word' id='word_1_388' title='bbox 379 2278 422 2332; x_wconf 90' lang='lat' dir='ltr'><strong>illa</strong></span> <span class='ocrx_word' id='word_1_389' title='bbox 435 2277 491 2344; x_wconf 87' lang='lat' dir='ltr'><strong>ipsa</strong></span> <span class='ocrx_word' id='word_1_390' title='bbox 504 2275 619 2329; x_wconf 86' lang='lat' dir='ltr'><strong>secunda</strong></span> <span class='ocrx_word' id='word_1_391' title='bbox 628 2275 744 2344; x_wconf 79' lang='lat' dir='ltr'><strong>synodus</strong></span> <span class='ocrx_word' id='word_1_392' title='bbox 753 2275 914 2338; x_wconf 66' lang='lat' dir='ltr'><strong>Caedicius</strong></span> <span class='ocrx_word' id='word_1_393' title='bbox 964 2274 1022 2327; x_wconf 83' lang='lat' dir='ltr'><strong>sire</strong></span> <span class='ocrx_word' id='word_1_394' title='bbox 1040 2274 1211 2342; x_wconf 84' lang='lat' dir='ltr'><strong>appendices,</strong></span> <span class='ocrx_word' id='word_1_395' title='bbox 1232 2274 1289 2326; x_wconf 88' lang='lat' dir='ltr'><strong>sive</strong></span> <span class='ocrx_word' id='word_1_396' title='bbox 1310 2273 1505 2341; x_wconf 86' lang='lat' dir='ltr'><strong>supplemento,</strong></span> <span class='ocrx_word' id='word_1_397' title='bbox 1526 2272 1583 2329; x_wconf 85' lang='lat' dir='ltr'><strong>sive</strong></span> <span class='ocrx_word' id='word_1_398' title='bbox 1597 2272 1661 2343; x_wconf 85' lang='lat' dir='ltr'><strong>quid</strong></span> <span class='ocrx_word' id='word_1_399' title='bbox 1683 2272 1757 2327; x_wconf 88' lang='lat' dir='ltr'><strong>aliud</strong></span> 
     </span>
     <span class='ocr_line' id='line_1_30' title="bbox 130 2343 1758 2416; baseline -0.006 -10"><span class='ocrx_word' id='word_1_400' title='bbox 130 2353 220 2406; x_wconf 83' lang='lat' dir='ltr'><strong>hahita</strong></span> <span class='ocrx_word' id='word_1_401' title='bbox 235 2351 463 2416; x_wconf 65' lang='lat' dir='ltr'><strong>coapostolorum</strong></span> <span class='ocrx_word' id='word_1_402' title='bbox 475 2346 595 2399; x_wconf 84' lang='lat' dir='ltr'><strong>doctrina</strong></span> <span class='ocrx_word' id='word_1_403' title='bbox 610 2354 637 2398; x_wconf 89' lang='lat' dir='ltr'><strong>et</strong></span> <span class='ocrx_word' id='word_1_404' title='bbox 650 2363 663 2396; x_wconf 86' lang='lat' dir='ltr'><strong>a</strong></span> <span class='ocrx_word' id='word_1_405' title='bbox 678 2349 758 2399; x_wconf 83' lang='lat' dir='ltr'><strong>totiris</strong></span> <span class='ocrx_word' id='word_1_406' title='bbox 773 2345 915 2413; x_wconf 73' lang='lat' dir='ltr'><strong>antiquita·</strong></span> <span class='ocrx_word' id='word_1_407' title='bbox 942 2397 949 2408; x_wconf 63' lang='grc'><strong>,</strong></span> <span class='ocrx_word' id='word_1_408' title='bbox 965 2344 1006 2395; x_wconf 85' lang='lat' dir='ltr'><strong>rel</strong></span> <span class='ocrx_word' id='word_1_409' title='bbox 1018 2343 1455 2412; x_wconf 72' lang='lat' dir='ltr'><strong>percuntium.velsupposititium.</strong></span> <span class='ocrx_word' id='word_1_410' title='bbox 1468 2343 1522 2398; x_wconf 87' lang='lat' dir='ltr'><strong>Nec</strong></span> <span class='ocrx_word' id='word_1_411' title='bbox 1535 2343 1651 2398; x_wconf 89' lang='lat' dir='ltr'><strong>hocsinc</strong></span> <span class='ocrx_word' id='word_1_412' title='bbox 1665 2358 1758 2399; x_wconf 82' lang='lat' dir='ltr'><strong>exem·</strong></span> 
     </span>
     <span class='ocr_line' id='line_1_31' title="bbox 130 2412 1759 2482; baseline -0.006 -5"><span class='ocrx_word' id='word_1_413' title='bbox 130 2425 166 2477; x_wconf 88' lang='lat' dir='ltr'><strong>tis</strong></span> <span class='ocrx_word' id='word_1_414' title='bbox 179 2421 358 2480; x_wconf 79' lang='lat' dir='ltr'><strong>observantia,</strong></span> <span class='ocrx_word' id='word_1_415' title='bbox 367 2432 430 2469; x_wconf 90' lang='lat' dir='ltr'><strong>-non</strong></span> <span class='ocrx_word' id='word_1_416' title='bbox 448 2431 462 2466; x_wconf 92' lang='lat' dir='ltr'><strong>a</strong></span> <span class='ocrx_word' id='word_1_417' title='bbox 483 2417 615 2472; x_wconf 83' lang='lat' dir='ltr'><strong>siriciana</strong></span> <span class='ocrx_word' id='word_1_418' title='bbox 631 2414 749 2476; x_wconf 75' lang='lat' dir='ltr'><strong>decreto,</strong></span> <span class='ocrx_word' id='word_1_419' title='bbox 771 2416 914 2468; x_wconf 87' lang='lat' dir='ltr'><strong>auctorita·</strong></span> <span class='ocrx_word' id='word_1_420' title='bbox 966 2413 1070 2482; x_wconf 77' lang='lat' dir='ltr'><strong>plozli)</strong></span> <span class='ocrx_word' id='word_1_421' title='bbox 1082 2414 1162 2467; x_wconf 84' lang='lat' dir='ltr'><strong>simili</strong></span> <span class='ocrx_word' id='word_1_422' title='bbox 1173 2414 1246 2468; x_wconf 90' lang='lat' dir='ltr'><strong>enirn</strong></span> <span class='ocrx_word' id='word_1_423' title='bbox 1257 2412 1504 2468; x_wconf 84' lang='lat' dir='ltr'><strong>lrairdeauetinrem</strong></span> <span class='ocrx_word' id='word_1_424' title='bbox 1513 2429 1564 2466; x_wconf 89' lang='lat' dir='ltr'><strong>oua</strong></span> <span class='ocrx_word' id='word_1_425' title='bbox 1577 2414 1688 2482; x_wconf 63' lang='lat' dir='ltr'><strong>epistola</strong></span> <span class='ocrx_word' id='word_1_426' title='bbox 1697 2428 1759 2468; x_wconf 85' lang='lat' dir='ltr'><strong>esse</strong></span> 
     </span>
     <span class='ocr_line' id='line_1_32' title="bbox 130 2482 1761 2555; baseline -0.005 -10"><span class='ocrx_word' id='word_1_427' title='bbox 130 2503 185 2546; x_wconf 89' lang='lat' dir='ltr'><strong>tem</strong></span> <span class='ocrx_word' id='word_1_428' title='bbox 201 2505 275 2542; x_wconf 64' lang='lat' dir='ltr'><strong>eoam</strong></span> <span class='ocrx_word' id='word_1_429' title='bbox 289 2486 421 2541; x_wconf 71' lang='lat' dir='ltr'><strong>arcessit:</strong></span> <span class='ocrx_word' id='word_1_430' title='bbox 440 2482 484 2546; x_wconf 81' lang='lat' dir='ltr'><strong>Ut,</strong></span> <span class='ocrx_word' id='word_1_431' title='bbox 503 2486 602 2552; x_wconf 88' lang='lat' dir='ltr'><strong>inquit,</strong></span> <span class='ocrx_word' id='word_1_432' title='bbox 620 2487 688 2555; x_wconf 76' lang='lat' dir='ltr'><strong>qnod</strong></span> <span class='ocrx_word' id='word_1_433' title='bbox 702 2485 808 2554; x_wconf 84' lang='lat' dir='ltr'><strong>apostoli</strong></span> <span class='ocrx_word' id='word_1_434' title='bbox 823 2484 915 2537; x_wconf 81' lang='lat' dir='ltr'><strong>daene-</strong></span> <span class='ocrx_word' id='word_1_435' title='bbox 965 2483 1062 2537; x_wconf 83' lang='lat' dir='ltr'><strong>iactatu</strong></span> <span class='ocrx_word' id='word_1_436' title='bbox 1083 2483 1271 2554; x_wconf 67' lang='lat' dir='ltr'><strong>honys‘anaut</strong></span> <span class='ocrx_word' id='word_1_437' title='bbox 1291 2483 1463 2538; x_wconf 87' lang='lat' dir='ltr'><strong>decretorum</strong></span> <span class='ocrx_word' id='word_1_438' title='bbox 1485 2482 1682 2552; x_wconf 78' lang='lat' dir='ltr'><strong>pontificiorum</strong></span> <span class='ocrx_word' id='word_1_439' title='bbox 1704 2486 1761 2538; x_wconf 92' lang='lat' dir='ltr'><strong>col·</strong></span> 
     </span>
     <span class='ocr_line' id='line_1_33' title="bbox 128 2551 1758 2628; baseline -0.003 -16"><span class='ocrx_word' id='word_1_440' title='bbox 128 2576 200 2621; x_wconf 83' lang='lat' dir='ltr'><strong>rirur,</strong></span> <span class='ocrx_word' id='word_1_441' title='bbox 213 2567 236 2611; x_wconf 95' lang='lat' dir='ltr'><strong>et</strong></span> <span class='ocrx_word' id='word_1_442' title='bbox 247 2557 417 2628; x_wconf 83' lang='lat' dir='ltr'><strong>ipsarerrau&#39;t</strong></span> <span class='ocrx_word' id='word_1_443' title='bbox 428 2557 585 2621; x_wconf 82' lang='lat' dir='ltr'><strong>antiquitas,</strong></span> <span class='ocrx_word' id='word_1_444' title='bbox 603 2572 648 2608; x_wconf 87' lang='lat' dir='ltr'><strong>uos</strong></span> <span class='ocrx_word' id='word_1_445' title='bbox 667 2571 764 2624; x_wconf 82' lang='lat' dir='ltr'><strong>qaoque</strong></span> <span class='ocrx_word' id='word_1_446' title='bbox 786 2555 915 2607; x_wconf 85' lang='lat' dir='ltr'><strong>custodia·</strong></span> <span class='ocrx_word' id='word_1_447' title='bbox 966 2551 1123 2615; x_wconf 88' lang='lat' dir='ltr'><strong>lectionem,</strong></span> <span class='ocrx_word' id='word_1_448' title='bbox 1147 2554 1258 2607; x_wconf 80' lang='lat' dir='ltr'><strong>interius</strong></span> <span class='ocrx_word' id='word_1_449' title='bbox 1280 2554 1454 2618; x_wconf 84' lang='lat' dir='ltr'><strong>prohabimus</strong></span> <span class='ocrx_word' id='word_1_450' title='bbox 1475 2554 1502 2606; x_wconf 92' lang='lat' dir='ltr'><strong>in</strong></span> <span class='ocrx_word' id='word_1_451' title='bbox 1517 2556 1587 2606; x_wconf 85' lang='lat' dir='ltr'><strong>notis</strong></span> <span class='ocrx_word' id='word_1_452' title='bbox 1602 2553 1635 2607; x_wconf 84' lang='lat' dir='ltr'><strong>ad</strong></span> <span class='ocrx_word' id='word_1_453' title='bbox 1647 2558 1726 2622; x_wconf 78' lang='lat' dir='ltr'><strong>epist.</strong></span> <span class='ocrx_word' id='word_1_454' title='bbox 1745 2554 1758 2608; x_wconf 85' lang='lat' dir='ltr'><strong>i</strong></span> 
     </span>
     <span class='ocr_line' id='line_1_34' title="bbox 127 2622 1761 2694; baseline -0.001 -14"><span class='ocrx_word' id='word_1_455' title='bbox 127 2625 423 2690; x_wconf 70' lang='grc' dir='ltr'><strong>ιιιιιι.(1ιιι1ιιςιίιιοιιιίι</strong></span> <span class='ocrx_word' id='word_1_456' title='bbox 437 2640 446 2679; x_wconf 94' lang='grc' dir='ltr'>ι</span> <span class='ocrx_word' id='word_1_457' title='bbox 465 2628 515 2677; x_wconf 80' lang='lat' dir='ltr'><strong>sith</strong></span> <span class='ocrx_word' id='word_1_458' title='bbox 527 2625 609 2678; x_wconf 88' lang='lat' dir='ltr'><strong>Grato</strong></span> <span class='ocrx_word' id='word_1_459' title='bbox 620 2625 762 2692; x_wconf 83' lang='lat' dir='ltr'><strong>episeopo,</strong></span> <span class='ocrx_word' id='word_1_460' title='bbox 781 2639 840 2694; x_wconf 76' lang='lat' dir='ltr'><strong>quc</strong></span> <span class='ocrx_word' id='word_1_461' title='bbox 852 2624 913 2678; x_wconf 87' lang='lat' dir='ltr'><strong>lolii</strong></span> <span class='ocrx_word' id='word_1_462' title='bbox 966 2623 1048 2686; x_wconf 82' lang='lat' dir='ltr'><strong>(notre</strong></span> <span class='ocrx_word' id='word_1_463' title='bbox 1063 2622 1105 2684; x_wconf 74' lang='lat' dir='ltr'><strong>tt,</strong></span> <span class='ocrx_word' id='word_1_464' title='bbox 1126 2633 1190 2675; x_wconf 86' lang='lat' dir='ltr'><strong>tom.</strong></span> <span class='ocrx_word' id='word_1_465' title='bbox 1209 2622 1253 2691; x_wconf 77' lang='lat' dir='ltr'><strong>tt).</strong></span> <span class='ocrx_word' id='word_1_466' title='bbox 1277 2623 1471 2677; x_wconf 79' lang='lat' dir='ltr'><strong>hiertaiinaern</strong></span> <span class='ocrx_word' id='word_1_467' title='bbox 1485 2637 1617 2678; x_wconf 81' lang='lat' dir='ltr'><strong>cationum</strong></span> <span class='ocrx_word' id='word_1_468' title='bbox 1632 2623 1761 2679; x_wconf 71' lang='lat' dir='ltr'><strong>herrandi</strong></span> 
     </span>
     <span class='ocr_line' id='line_1_35' title="bbox 129 2690 1760 2766; baseline -0.003 -15"><span class='ocrx_word' id='word_1_469' title='bbox 129 2714 205 2766; x_wconf 76' lang='lat' dir='ltr'><strong>pipae</strong></span> <span class='ocrx_word' id='word_1_470' title='bbox 227 2695 391 2760; x_wconf 84' lang='lat' dir='ltr'><strong>temporibus</strong></span> <span class='ocrx_word' id='word_1_471' title='bbox 414 2695 546 2749; x_wconf 79' lang='lat' dir='ltr'><strong>crlehrnta</strong></span> <span class='ocrx_word' id='word_1_472' title='bbox 570 2694 676 2758; x_wconf 87' lang='lat' dir='ltr'><strong>dicitur,</strong></span> <span class='ocrx_word' id='word_1_473' title='bbox 701 2696 786 2762; x_wconf 77' lang='lat' dir='ltr'><strong>legem</strong></span> <span class='ocrx_word' id='word_1_474' title='bbox 809 2697 913 2750; x_wconf 88' lang='lat' dir='ltr'><strong>saucit:</strong></span> <span class='ocrx_word' id='word_1_475' title='bbox 965 2690 1070 2745; x_wconf 83' lang='lat' dir='ltr'><strong>diaconi</strong></span> <span class='ocrx_word' id='word_1_476' title='bbox 1094 2693 1325 2746; x_wconf 79' lang='lat' dir='ltr'><strong>nonnullisetiam</strong></span> <span class='ocrx_word' id='word_1_477' title='bbox 1342 2693 1534 2748; x_wconf 83' lang='lat' dir='ltr'><strong>adilitameutis</strong></span> <span class='ocrx_word' id='word_1_478' title='bbox 1548 2709 1608 2747; x_wconf 88' lang='lat' dir='ltr'><strong>esse</strong></span> <span class='ocrx_word' id='word_1_479' title='bbox 1634 2694 1760 2749; x_wconf 86' lang='lat' dir='ltr'><strong>similiter</strong></span> 
     </span>
     <span class='ocr_line' id='line_1_36' title="bbox 73 2761 1760 2832; baseline -0.002 -12"><span class='ocrx_word' id='word_1_480' title='bbox 73 2812 78 2820; x_wconf 84' lang='lat'><strong>.</strong></span> <span class='ocrx_word' id='word_1_481' title='bbox 131 2768 166 2822; x_wconf 85' lang='lat' dir='ltr'><strong>llr</strong></span> <span class='ocrx_word' id='word_1_482' title='bbox 182 2767 259 2820; x_wconf 76' lang='lat' dir='ltr'><strong>inullis</strong></span> <span class='ocrx_word' id='word_1_483' title='bbox 272 2768 346 2818; x_wconf 87' lang='lat' dir='ltr'><strong>liccat</strong></span> <span class='ocrx_word' id='word_1_484' title='bbox 365 2764 397 2817; x_wconf 82' lang='lat' dir='ltr'><strong>alr</strong></span> <span class='ocrx_word' id='word_1_485' title='bbox 417 2763 510 2828; x_wconf 69' lang='lat' dir='ltr'><strong>offerta</strong></span> <span class='ocrx_word' id='word_1_486' title='bbox 527 2763 710 2818; x_wconf 76' lang='lat' dir='ltr'><strong>abstinentibus</strong></span> <span class='ocrx_word' id='word_1_487' title='bbox 724 2763 833 2817; x_wconf 81' lang='lat' dir='ltr'><strong>carnali</strong></span> <span class='ocrx_word' id='word_1_488' title='bbox 844 2765 915 2832; x_wconf 76' lang='lat' dir='ltr'><strong>apud</strong></span> <span class='ocrx_word' id='word_1_489' title='bbox 966 2762 1153 2830; x_wconf 87' lang='lat' dir='ltr'><strong>interpolatam</strong></span> <span class='ocrx_word' id='word_1_490' title='bbox 1169 2762 1205 2832; x_wconf 86' lang='lat' dir='ltr'><strong>(cl</strong></span> <span class='ocrx_word' id='word_1_491' title='bbox 1224 2761 1340 2815; x_wconf 82' lang='lat' dir='ltr'><strong>diximus</strong></span> <span class='ocrx_word' id='word_1_492' title='bbox 1361 2764 1484 2830; x_wconf 87' lang='lat' dir='ltr'><strong>superias</strong></span> <span class='ocrx_word' id='word_1_493' title='bbox 1507 2777 1567 2831; x_wconf 87' lang='lat' dir='ltr'><strong>cap.</strong></span> <span class='ocrx_word' id='word_1_494' title='bbox 1583 2763 1619 2826; x_wconf 73' lang='lat'><strong>2;</strong></span> <span class='ocrx_word' id='word_1_495' title='bbox 1634 2772 1760 2818; x_wconf 80' lang='lat' dir='ltr'><strong>sexcenta</strong></span> 
     </span>
     <span class='ocr_line' id='line_1_37' title="bbox 127 2831 1415 2903; baseline -0.004 -13"><span class='ocrx_word' id='word_1_496' title='bbox 127 2850 263 2890; x_wconf 81' lang='lat' dir='ltr'><strong>rrtcuncai</strong></span> <span class='ocrx_word' id='word_1_497' title='bbox 275 2836 372 2903; x_wconf 75' lang='lat' dir='ltr'><strong>puriter</strong></span> <span class='ocrx_word' id='word_1_498' title='bbox 382 2836 551 2897; x_wconf 75' lang='lat' dir='ltr'><strong>commorari,</strong></span> <span class='ocrx_word' id='word_1_499' title='bbox 570 2834 613 2888; x_wconf 82' lang='lat' dir='ltr'><strong>sihi</strong></span> <span class='ocrx_word' id='word_1_500' title='bbox 628 2844 654 2887; x_wconf 91' lang='lat' dir='ltr'><strong>et</strong></span> <span class='ocrx_word' id='word_1_501' title='bbox 671 2835 756 2903; x_wconf 81' lang='lat' dir='ltr'><strong>legem</strong></span> <span class='ocrx_word' id='word_1_502' title='bbox 771 2835 913 2888; x_wconf 86' lang='lat' dir='ltr'><strong>continen-</strong></span> <span class='ocrx_word' id='word_1_503' title='bbox 964 2843 1029 2884; x_wconf 88' lang='lat' dir='ltr'><strong>sunt</strong></span> <span class='ocrx_word' id='word_1_504' title='bbox 1047 2831 1098 2884; x_wconf 87' lang='lat' dir='ltr'><strong>alia</strong></span> <span class='ocrx_word' id='word_1_505' title='bbox 1113 2831 1265 2900; x_wconf 83' lang='lat' dir='ltr'><strong>hujusmodi</strong></span> <span class='ocrx_word' id='word_1_506' title='bbox 1280 2832 1415 2902; x_wconf 80' lang='lat' dir='ltr'><strong>eiernpla.</strong></span> 
     </span>
     <span class='ocr_line' id='line_1_38' title="bbox 129 2901 1766 2974; baseline 0 -19"><span class='ocrx_word' id='word_1_507' title='bbox 129 2909 173 2959; x_wconf 73' lang='lat' dir='ltr'><strong>riae</strong></span> <span class='ocrx_word' id='word_1_508' title='bbox 197 2906 251 2971; x_wconf 77' lang='lat' dir='ltr'><strong>iam</strong></span> <span class='ocrx_word' id='word_1_509' title='bbox 276 2907 338 2956; x_wconf 87' lang='lat' dir='ltr'><strong>olim</strong></span> <span class='ocrx_word' id='word_1_510' title='bbox 363 2904 487 2958; x_wconf 87' lang='lat' dir='ltr'><strong>indictam</strong></span> <span class='ocrx_word' id='word_1_511' title='bbox 511 2904 607 2958; x_wconf 77' lang='lat' dir='ltr'><strong>iisdem</strong></span> <span class='ocrx_word' id='word_1_512' title='bbox 633 2905 773 2973; x_wconf 89' lang='lat' dir='ltr'><strong>supponit,</strong></span> <span class='ocrx_word' id='word_1_513' title='bbox 799 2918 913 2974; x_wconf 77' lang='lat' dir='ltr'><strong>atrorum</strong></span> <span class='ocrx_word' id='word_1_514' title='bbox 1002 2901 1056 2958; x_wconf 86' lang='lat' dir='ltr'><strong>Sed</strong></span> <span class='ocrx_word' id='word_1_515' title='bbox 1079 2912 1106 2957; x_wconf 91' lang='lat' dir='ltr'><strong>et</strong></span> <span class='ocrx_word' id='word_1_516' title='bbox 1132 2903 1201 2955; x_wconf 88' lang='lat' dir='ltr'><strong>idem</strong></span> <span class='ocrx_word' id='word_1_517' title='bbox 1222 2905 1269 2957; x_wconf 83' lang='lat' dir='ltr'><strong>tric</strong></span> <span class='ocrx_word' id='word_1_518' title='bbox 1284 2903 1358 2956; x_wconf 84' lang='lat' dir='ltr'><strong>locris</strong></span> <span class='ocrx_word' id='word_1_519' title='bbox 1372 2902 1512 2957; x_wconf 87' lang='lat' dir='ltr'><strong>manileste</strong></span> <span class='ocrx_word' id='word_1_520' title='bbox 1527 2901 1615 2956; x_wconf 87' lang='lat' dir='ltr'><strong>adhuc</strong></span> <span class='ocrx_word' id='word_1_521' title='bbox 1630 2901 1766 2970; x_wconf 89' lang='lat' dir='ltr'><strong>impasto·</strong></span> 
     </span>
     <span class='ocr_line' id='line_1_39' title="bbox 128 2972 1764 3098; baseline -0.001 -71"><span class='ocrx_word' id='word_1_522' title='bbox 128 2975 245 3028; x_wconf 80' lang='lat' dir='ltr'><strong>castliati</strong></span> <span class='ocrx_word' id='word_1_523' title='bbox 266 2973 395 3041; x_wconf 81' lang='lat' dir='ltr'><strong>procidet,</strong></span> <span class='ocrx_word' id='word_1_524' title='bbox 414 2984 441 3027; x_wconf 91' lang='lat' dir='ltr'><strong>et</strong></span> <span class='ocrx_word' id='word_1_525' title='bbox 454 2974 567 3028; x_wconf 81' lang='lat' dir='ltr'><strong>elericos</strong></span> <span class='ocrx_word' id='word_1_526' title='bbox 588 2973 682 3028; x_wconf 87' lang='lat' dir='ltr'><strong>eadem</strong></span> <span class='ocrx_word' id='word_1_527' title='bbox 706 2975 764 3040; x_wconf 76' lang='lat' dir='ltr'><strong>lece</strong></span> <span class='ocrx_word' id='word_1_528' title='bbox 790 2987 915 3030; x_wconf 87' lang='lat' dir='ltr'><strong>coercere</strong></span> <span class='ocrx_word' id='word_1_529' title='bbox 964 2986 1021 3026; x_wconf 84' lang='lat' dir='ltr'><strong>ram</strong></span> <span class='ocrx_word' id='word_1_530' title='bbox 1034 2972 1131 3043; x_wconf 88' lang='lat' dir='ltr'><strong>prodit.</strong></span> <span class='ocrx_word' id='word_1_531' title='bbox 1147 2973 1175 3027; x_wconf 83' lang='lat' dir='ltr'><strong>Si</strong></span> <span class='ocrx_word' id='word_1_532' title='bbox 1192 2974 1263 3027; x_wconf 90' lang='lat' dir='ltr'><strong>euim</strong></span> <span class='ocrx_word' id='word_1_533' title='bbox 1279 2975 1401 3040; x_wconf 72' lang='lat' dir='ltr'><strong>penninas</strong></span> <span class='ocrx_word' id='word_1_534' title='bbox 1420 2981 1512 3028; x_wconf 86' lang='lat' dir='ltr'><strong>esseut</strong></span> <span class='ocrx_word' id='word_1_535' title='bbox 1531 2974 1651 3044; x_wconf 76' lang='lat' dir='ltr'><strong>synodus</strong></span> <span class='ocrx_word' id='word_1_536' title='bbox 1663 2980 1691 3026; x_wconf 91' lang='lat' dir='ltr'><strong>et</strong></span> <span class='ocrx_word' id='word_1_537' title='bbox 1706 2975 1764 3098; x_wconf 57' lang='lat' dir='ltr'><strong>elil·</strong></span> 
     </span>
     <span class='ocr_line' id='line_1_40' title="bbox 127 3043 1761 3112; baseline 0.001 -17"><span class='ocrx_word' id='word_1_538' title='bbox 127 3046 234 3098; x_wconf 78' lang='lat' dir='ltr'><strong>videtur</strong></span> <span class='ocrx_word' id='word_1_539' title='bbox 250 3062 257 3099; x_wconf 92' lang='lat'><strong>:</strong></span> <span class='ocrx_word' id='word_1_540' title='bbox 282 3059 341 3099; x_wconf 88' lang='lat' dir='ltr'><strong>cnm</strong></span> <span class='ocrx_word' id='word_1_541' title='bbox 367 3045 391 3098; x_wconf 93' lang='lat' dir='ltr'><strong>iu</strong></span> <span class='ocrx_word' id='word_1_542' title='bbox 413 3046 464 3098; x_wconf 86' lang='lat' dir='ltr'><strong>tine</strong></span> <span class='ocrx_word' id='word_1_543' title='bbox 482 3045 592 3099; x_wconf 88' lang='lat' dir='ltr'><strong>cnuoois</strong></span> <span class='ocrx_word' id='word_1_544' title='bbox 610 3044 688 3098; x_wconf 86' lang='lat' dir='ltr'><strong>aliam</strong></span> <span class='ocrx_word' id='word_1_545' title='bbox 704 3044 778 3099; x_wconf 85' lang='lat' dir='ltr'><strong>laicis</strong></span> <span class='ocrx_word' id='word_1_546' title='bbox 794 3058 913 3112; x_wconf 83' lang='lat' dir='ltr'><strong>poeuam,</strong></span> <span class='ocrx_word' id='word_1_547' title='bbox 964 3045 1045 3111; x_wconf 88' lang='lat' dir='ltr'><strong>stola,</strong></span> <span class='ocrx_word' id='word_1_548' title='bbox 1061 3058 1115 3099; x_wconf 91' lang='lat' dir='ltr'><strong>non</strong></span> <span class='ocrx_word' id='word_1_549' title='bbox 1131 3044 1240 3098; x_wconf 86' lang='lat' dir='ltr'><strong>tamdiu</strong></span> <span class='ocrx_word' id='word_1_550' title='bbox 1261 3043 1401 3099; x_wconf 80' lang='lat' dir='ltr'><strong>latinisseot</strong></span> <span class='ocrx_word' id='word_1_551' title='bbox 1422 3043 1552 3100; x_wconf 69' lang='lat' dir='ltr'><strong>Ecclesia</strong></span> <span class='ocrx_word' id='word_1_552' title='bbox 1566 3043 1694 3099; x_wconf 80' lang='lat' dir='ltr'><strong>Rornae-c</strong></span> <span class='ocrx_word' id='word_1_553' title='bbox 1706 3059 1722 3098; x_wconf 91' lang='lat' dir='ltr'><strong>c</strong></span> <span class='ocrx_word' id='word_1_554' title='bbox 1734 3061 1761 3097; x_wconf 86' lang='lat' dir='ltr'><strong>e·</strong></span> 
     </span>
     <span class='ocr_line' id='line_1_41' title="bbox 128 3112 1763 3184; baseline 0.001 -17"><span class='ocrx_word' id='word_1_555' title='bbox 128 3114 209 3167; x_wconf 76' lang='lat' dir='ltr'><strong>sliiim</strong></span> <span class='ocrx_word' id='word_1_556' title='bbox 222 3114 327 3168; x_wconf 76' lang='lat' dir='ltr'><strong>clericis</strong></span> <span class='ocrx_word' id='word_1_557' title='bbox 337 3113 458 3170; x_wconf 84' lang='lat' dir='ltr'><strong>rideatur</strong></span> <span class='ocrx_word' id='word_1_558' title='bbox 471 3112 608 3182; x_wconf 77' lang='lat' dir='ltr'><strong>imponere</strong></span> <span class='ocrx_word' id='word_1_559' title='bbox 621 3131 627 3166; x_wconf 77' lang='grc' dir='ltr'><strong><em>ε</em></strong></span> <span class='ocrx_word' id='word_1_560' title='bbox 642 3114 673 3170; x_wconf 80' lang='lat' dir='ltr'><strong>Si</strong></span> <span class='ocrx_word' id='word_1_561' title='bbox 685 3130 744 3183; x_wconf 73' lang='lat' dir='ltr'><strong>erpo</strong></span> <span class='ocrx_word' id='word_1_562' title='bbox 764 3116 824 3170; x_wconf 89' lang='lat' dir='ltr'><strong>laici</strong></span> <span class='ocrx_word' id='word_1_563' title='bbox 840 3123 913 3181; x_wconf 78' lang='lat' dir='ltr'><strong>aaut,</strong></span> <span class='ocrx_word' id='word_1_564' title='bbox 966 3128 1037 3177; x_wconf 89' lang='lat' dir='ltr'><strong>rum,</strong></span> <span class='ocrx_word' id='word_1_565' title='bbox 1053 3128 1103 3169; x_wconf 86' lang='lat' dir='ltr'><strong>nec</strong></span> <span class='ocrx_word' id='word_1_566' title='bbox 1116 3114 1149 3167; x_wconf 88' lang='lat' dir='ltr'><strong>ad</strong></span> <span class='ocrx_word' id='word_1_567' title='bbox 1162 3125 1326 3184; x_wconf 76' lang='lat' dir='ltr'><strong>pistremnin</strong></span> <span class='ocrx_word' id='word_1_568' title='bbox 1338 3114 1485 3184; x_wconf 74' lang='lat' dir='ltr'><strong>(apendicis</strong></span> <span class='ocrx_word' id='word_1_569' title='bbox 1499 3117 1586 3170; x_wconf 89' lang='lat' dir='ltr'><strong>locum</strong></span> <span class='ocrx_word' id='word_1_570' title='bbox 1602 3116 1708 3183; x_wconf 73' lang='lat' dir='ltr'><strong>reiectae</strong></span> <span class='ocrx_word' id='word_1_571' title='bbox 1720 3120 1763 3167; x_wconf 81' lang='lat' dir='ltr'><strong>es·</strong></span> 
     </span>
     <span class='ocr_line' id='line_1_42' title="bbox 129 3167 1763 3254; baseline 0.001 -17"><span class='ocrx_word' id='word_1_572' title='bbox 129 3184 225 3248; x_wconf 77' lang='lat' dir='ltr'><strong>innuit,</strong></span> <span class='ocrx_word' id='word_1_573' title='bbox 241 3185 534 3249; x_wconf 82' lang='lat' dir='ltr'><strong>postrouiuronitionem,</strong></span> <span class='ocrx_word' id='word_1_574' title='bbox 547 3187 570 3238; x_wconf 81' lang='lat' dir='ltr'><strong>si</strong></span> <span class='ocrx_word' id='word_1_575' title='bbox 584 3186 797 3253; x_wconf 78' lang='lat' dir='ltr'><strong>contempserint,</strong></span> <span class='ocrx_word' id='word_1_576' title='bbox 814 3186 914 3239; x_wconf 85' lang='lat' dir='ltr'><strong>acam·</strong></span> <span class='ocrx_word' id='word_1_577' title='bbox 928 3167 951 3231; x_wconf 85' lang='lat' dir='ltr'>C</span> <span class='ocrx_word' id='word_1_578' title='bbox 966 3193 1038 3239; x_wconf 85' lang='lat' dir='ltr'><strong>seat.</strong></span> <span class='ocrx_word' id='word_1_579' title='bbox 1053 3183 1120 3239; x_wconf 78' lang='lat' dir='ltr'><strong>Cum</strong></span> <span class='ocrx_word' id='word_1_580' title='bbox 1133 3186 1205 3238; x_wconf 89' lang='lat' dir='ltr'><strong>enim</strong></span> <span class='ocrx_word' id='word_1_581' title='bbox 1220 3187 1535 3254; x_wconf 79' lang='lat' dir='ltr'><strong>oraquaemreitltuspars</strong></span> <span class='ocrx_word' id='word_1_582' title='bbox 1545 3199 1591 3253; x_wconf 89' lang='lat' dir='ltr'><strong>per</strong></span> <span class='ocrx_word' id='word_1_583' title='bbox 1601 3184 1763 3254; x_wconf 84' lang='lat' dir='ltr'><strong>idtempoiis</strong></span> 
     </span>
     <span class='ocr_line' id='line_1_43' title="bbox 127 3252 1760 3325; baseline 0.001 -18"><span class='ocrx_word' id='word_1_584' title='bbox 127 3254 415 3320; x_wconf 84' lang='lat' dir='ltr'><strong>mnnioucseparentar.</strong></span> <span class='ocrx_word' id='word_1_585' title='bbox 432 3252 642 3309; x_wconf 73' lang='lat' dir='ltr'><strong>hesternorum</strong></span> <span class='ocrx_word' id='word_1_586' title='bbox 658 3269 735 3324; x_wconf 81' lang='lat' dir='ltr'><strong>prena</strong></span> <span class='ocrx_word' id='word_1_587' title='bbox 753 3257 832 3320; x_wconf 89' lang='lat' dir='ltr'><strong>silet,</strong></span> <span class='ocrx_word' id='word_1_588' title='bbox 846 3272 914 3325; x_wconf 84' lang='lat' dir='ltr'><strong>quo·</strong></span> <span class='ocrx_word' id='word_1_589' title='bbox 964 3255 1055 3308; x_wconf 82' lang='lat' dir='ltr'><strong>cidem</strong></span> <span class='ocrx_word' id='word_1_590' title='bbox 1078 3256 1307 3323; x_wconf 64' lang='lat' dir='ltr'><strong>insenuitque</strong></span> <span class='ocrx_word' id='word_1_591' title='bbox 1329 3256 1369 3309; x_wconf 88' lang='lat' dir='ltr'><strong>vel</strong></span> <span class='ocrx_word' id='word_1_592' title='bbox 1396 3255 1522 3317; x_wconf 84' lang='lat' dir='ltr'><strong>innotuit,</strong></span> <span class='ocrx_word' id='word_1_593' title='bbox 1537 3257 1578 3310; x_wconf 90' lang='lat' dir='ltr'><strong>vel</strong></span> <span class='ocrx_word' id='word_1_594' title='bbox 1599 3256 1625 3308; x_wconf 90' lang='lat' dir='ltr'><strong>in</strong></span> <span class='ocrx_word' id='word_1_595' title='bbox 1642 3264 1760 3310; x_wconf 77' lang='lat' dir='ltr'><strong>insumet</strong></span> 
     </span>
     <span class='ocr_line' id='line_1_44' title="bbox 129 3322 1762 3391; baseline 0.002 -14"><span class='ocrx_word' id='word_1_596' title='bbox 129 3325 200 3377; x_wconf 85' lang='lat' dir='ltr'><strong>niam</strong></span> <span class='ocrx_word' id='word_1_597' title='bbox 229 3322 434 3390; x_wconf 75' lang='lat' dir='ltr'><strong>praecedentium</strong></span> <span class='ocrx_word' id='word_1_598' title='bbox 457 3338 588 3378; x_wconf 88' lang='lat' dir='ltr'><strong>canonum</strong></span> <span class='ocrx_word' id='word_1_599' title='bbox 612 3325 769 3380; x_wconf 87' lang='lat' dir='ltr'><strong>auctoritate</strong></span> <span class='ocrx_word' id='word_1_600' title='bbox 786 3335 915 3380; x_wconf 83' lang='lat' dir='ltr'><strong>norecmt</strong></span> <span class='ocrx_word' id='word_1_601' title='bbox 965 3326 1153 3377; x_wconf 81' lang='lat' dir='ltr'><strong>auctoritatem</strong></span> <span class='ocrx_word' id='word_1_602' title='bbox 1180 3334 1287 3391; x_wconf 85' lang='lat' dir='ltr'><strong>recepta</strong></span> <span class='ocrx_word' id='word_1_603' title='bbox 1311 3325 1338 3378; x_wconf 91' lang='lat' dir='ltr'><strong>in</strong></span> <span class='ocrx_word' id='word_1_604' title='bbox 1358 3325 1478 3380; x_wconf 74' lang='lat' dir='ltr'><strong>Ecclesia</strong></span> <span class='ocrx_word' id='word_1_605' title='bbox 1502 3326 1623 3379; x_wconf 63' lang='lat' dir='ltr'><strong>hilarans</strong></span> <span class='ocrx_word' id='word_1_606' title='bbox 1641 3343 1647 3378; x_wconf 81' lang='grc' dir='ltr'>ι</span> <span class='ocrx_word' id='word_1_607' title='bbox 1665 3330 1762 3381; x_wconf 88' lang='lat' dir='ltr'><strong>mironi</strong></span> 
     </span>
     <span class='ocr_line' id='line_1_45' title="bbox 127 3391 1762 3462; baseline 0.002 -17"><span class='ocrx_word' id='word_1_608' title='bbox 127 3393 218 3460; x_wconf 89' lang='lat' dir='ltr'><strong>procul</strong></span> <span class='ocrx_word' id='word_1_609' title='bbox 232 3391 313 3447; x_wconf 92' lang='lat' dir='ltr'><strong>dohio</strong></span> <span class='ocrx_word' id='word_1_610' title='bbox 330 3395 458 3447; x_wconf 86' lang='lat' dir='ltr'><strong>sancitam</strong></span> <span class='ocrx_word' id='word_1_611' title='bbox 477 3391 571 3447; x_wconf 84' lang='lat' dir='ltr'><strong>inisse.</strong></span> <span class='ocrx_word' id='word_1_612' title='bbox 596 3392 649 3448; x_wconf 81' lang='lat' dir='ltr'><strong>Sed</strong></span> <span class='ocrx_word' id='word_1_613' title='bbox 675 3402 763 3448; x_wconf 69' lang='lat' dir='ltr'><strong>nmen</strong></span> <span class='ocrx_word' id='word_1_614' title='bbox 790 3396 916 3462; x_wconf 90' lang='lat' dir='ltr'><strong>supponit</strong></span> <span class='ocrx_word' id='word_1_615' title='bbox 964 3404 1040 3447; x_wconf 84' lang='lat' dir='ltr'><strong>certe</strong></span> <span class='ocrx_word' id='word_1_616' title='bbox 1050 3403 1121 3447; x_wconf 88' lang='lat' dir='ltr'><strong>esset</strong></span> <span class='ocrx_word' id='word_1_617' title='bbox 1131 3394 1275 3461; x_wconf 75' lang='lat' dir='ltr'><strong>peniiinam</strong></span> <span class='ocrx_word' id='word_1_618' title='bbox 1297 3392 1387 3448; x_wconf 83' lang='lat' dir='ltr'><strong>Siricii</strong></span> <span class='ocrx_word' id='word_1_619' title='bbox 1407 3395 1548 3460; x_wconf 84' lang='lat' dir='ltr'><strong>epistolam</strong></span> <span class='ocrx_word' id='word_1_620' title='bbox 1570 3402 1624 3448; x_wconf 83' lang='lat' dir='ltr'><strong>tarn</strong></span> <span class='ocrx_word' id='word_1_621' title='bbox 1645 3410 1707 3450; x_wconf 89' lang='lat' dir='ltr'><strong>sero</strong></span> <span class='ocrx_word' id='word_1_622' title='bbox 1729 3397 1762 3450; x_wconf 85' lang='lat' dir='ltr'><strong>ad</strong></span> 
     </span>
     <span class='ocr_line' id='line_1_46' title="bbox 126 3462 1761 3533; baseline 0 -15"><span class='ocrx_word' id='word_1_623' title='bbox 126 3464 285 3518; x_wconf 66' lang='lat' dir='ltr'><strong>elericorum</strong></span> <span class='ocrx_word' id='word_1_624' title='bbox 297 3462 401 3530; x_wconf 84' lang='lat' dir='ltr'><strong>aliquos</strong></span> <span class='ocrx_word' id='word_1_625' title='bbox 413 3462 471 3531; x_wconf 76' lang='lat' dir='ltr'><strong>iege</strong></span> <span class='ocrx_word' id='word_1_626' title='bbox 480 3463 783 3518; x_wconf 77' lang='lat' dir='ltr'><strong>continentleasnlcms</strong></span> <span class='ocrx_word' id='word_1_627' title='bbox 794 3483 800 3514; x_wconf 74' lang='lat' dir='ltr'><strong><em>z</em></strong></span> <span class='ocrx_word' id='word_1_628' title='bbox 812 3467 910 3532; x_wconf 79' lang='lat' dir='ltr'><strong>alioqui</strong></span> <span class='ocrx_word' id='word_1_629' title='bbox 966 3465 1086 3517; x_wconf 87' lang='lat' dir='ltr'><strong>notitiam</strong></span> <span class='ocrx_word' id='word_1_630' title='bbox 1104 3465 1285 3515; x_wconf 79' lang='grc' dir='ltr'>Ιιοιιιιιιοιιιιιι</span> <span class='ocrx_word' id='word_1_631' title='bbox 1298 3462 1379 3533; x_wconf 67' lang='grc'><strong>933</strong></span> <span class='ocrx_word' id='word_1_632' title='bbox 1389 3467 1553 3531; x_wconf 87' lang='lat' dir='ltr'><strong>pervenisse,</strong></span> <span class='ocrx_word' id='word_1_633' title='bbox 1567 3464 1609 3518; x_wconf 89' lang='lat' dir='ltr'><strong>rel</strong></span> <span class='ocrx_word' id='word_1_634' title='bbox 1623 3465 1761 3520; x_wconf 84' lang='lat' dir='ltr'><strong>ahilsdem</strong></span> 
     </span>
     <span class='ocr_line' id='line_1_47' title="bbox 128 3531 1764 3601; baseline 0.002 -16"><span class='ocrx_word' id='word_1_635' title='bbox 128 3543 325 3598; x_wconf 81' lang='lat' dir='ltr'><strong>sirperraranea</strong></span> <span class='ocrx_word' id='word_1_636' title='bbox 340 3533 467 3586; x_wconf 86' lang='lat' dir='ltr'><strong>laieorum</strong></span> <span class='ocrx_word' id='word_1_637' title='bbox 486 3534 617 3600; x_wconf 79' lang='lat' dir='ltr'><strong>exceptio.</strong></span> <span class='ocrx_word' id='word_1_638' title='bbox 638 3535 674 3588; x_wconf 83' lang='lat' dir='ltr'><strong>lta</strong></span> <span class='ocrx_word' id='word_1_639' title='bbox 692 3550 777 3587; x_wconf 77' lang='lat' dir='ltr'><strong>canton</strong></span> <span class='ocrx_word' id='word_1_640' title='bbox 796 3534 832 3589; x_wconf 65' lang='lat'><strong>25</strong></span> <span class='ocrx_word' id='word_1_641' title='bbox 850 3532 916 3589; x_wconf 85' lang='lat' dir='ltr'><strong>Car·</strong></span> <span class='ocrx_word' id='word_1_642' title='bbox 965 3546 1027 3587; x_wconf 86' lang='lat' dir='ltr'><strong>esse</strong></span> <span class='ocrx_word' id='word_1_643' title='bbox 1056 3532 1189 3587; x_wconf 88' lang='lat' dir='ltr'><strong>robatam.</strong></span> <span class='ocrx_word' id='word_1_644' title='bbox 1206 3531 1371 3586; x_wconf 77' lang='lat' dir='ltr'><strong>lucedium</strong></span> <span class='ocrx_word' id='word_1_645' title='bbox 1384 3534 1464 3587; x_wconf 88' lang='lat' dir='ltr'><strong>etiam</strong></span> <span class='ocrx_word' id='word_1_646' title='bbox 1489 3537 1637 3601; x_wconf 84' lang='lat' dir='ltr'><strong>supinitas,</strong></span> <span class='ocrx_word' id='word_1_647' title='bbox 1661 3537 1683 3589; x_wconf 89' lang='lat' dir='ltr'><strong>si</strong></span> <span class='ocrx_word' id='word_1_648' title='bbox 1705 3545 1764 3591; x_wconf 81' lang='lat' dir='ltr'><strong>acta</strong></span> 
     </span>
     <span class='ocr_line' id='line_1_48' title="bbox 129 3550 1763 3673; baseline 0.002 -17"><span class='ocrx_word' id='word_1_649' title='bbox 129 3602 294 3671; x_wconf 80' lang='lat' dir='ltr'><strong>tliagiueasis</strong></span> <span class='ocrx_word' id='word_1_650' title='bbox 312 3616 341 3655; x_wconf 92' lang='grc' dir='ltr'><strong>ιιι</strong></span> <span class='ocrx_word' id='word_1_651' title='bbox 365 3601 429 3656; x_wconf 90' lang='lat' dir='ltr'><strong>dicti</strong></span> <span class='ocrx_word' id='word_1_652' title='bbox 448 3604 596 3657; x_wconf 85' lang='lat' dir='ltr'><strong>cornmonis</strong></span> <span class='ocrx_word' id='word_1_653' title='bbox 615 3614 657 3658; x_wconf 88' lang='lat' dir='ltr'><strong>est</strong></span> <span class='ocrx_word' id='word_1_654' title='bbox 676 3603 782 3658; x_wconf 84' lang='lat' dir='ltr'><strong>clericis</strong></span> <span class='ocrx_word' id='word_1_655' title='bbox 800 3613 828 3658; x_wconf 91' lang='lat' dir='ltr'><strong>et</strong></span> <span class='ocrx_word' id='word_1_656' title='bbox 849 3618 915 3658; x_wconf 88' lang='lat' dir='ltr'><strong>oon·</strong></span> <span class='ocrx_word' id='word_1_657' title='bbox 966 3550 1062 3673; x_wconf 51' lang='lat' dir='ltr'><strong>synesi</strong></span> <span class='ocrx_word' id='word_1_658' title='bbox 1078 3616 1240 3665; x_wconf 75' lang='lat' dir='ltr'><strong>numerose,</strong></span> <span class='ocrx_word' id='word_1_659' title='bbox 1263 3609 1291 3655; x_wconf 90' lang='lat' dir='ltr'><strong>et</strong></span> <span class='ocrx_word' id='word_1_660' title='bbox 1312 3603 1439 3658; x_wconf 76' lang='lat' dir='ltr'><strong>nonaria</strong></span> <span class='ocrx_word' id='word_1_661' title='bbox 1466 3603 1595 3659; x_wconf 79' lang='lat' dir='ltr'><strong>Ecclesiae</strong></span> <span class='ocrx_word' id='word_1_662' title='bbox 1619 3605 1688 3659; x_wconf 83' lang='lat' dir='ltr'><strong>rotis</strong></span> <span class='ocrx_word' id='word_1_663' title='bbox 1710 3615 1763 3660; x_wconf 83' lang='lat' dir='ltr'><strong>tarn</strong></span> 
     </span>
     <span class='ocr_line' id='line_1_49' title="bbox 128 3665 1762 3744; baseline 0.003 -19"><span class='ocrx_word' id='word_1_664' title='bbox 128 3665 285 3726; x_wconf 75' lang='lat' dir='ltr'><strong>cinerititns,</strong></span> <span class='ocrx_word' id='word_1_665' title='bbox 966 3673 1085 3727; x_wconf 88' lang='lat' dir='ltr'><strong>secanda</strong></span> <span class='ocrx_word' id='word_1_666' title='bbox 1096 3673 1233 3726; x_wconf 84' lang='lat' dir='ltr'><strong>voluntate</strong></span> <span class='ocrx_word' id='word_1_667' title='bbox 1248 3670 1417 3743; x_wconf 76' lang='lat' dir='ltr'><strong>suffragantis</strong></span> <span class='ocrx_word' id='word_1_668' title='bbox 1434 3675 1664 3743; x_wconf 86' lang='lat' dir='ltr'><strong>posthabuissent,</strong></span> <span class='ocrx_word' id='word_1_669' title='bbox 1675 3690 1762 3744; x_wconf 84' lang='lat' dir='ltr'><strong>oeque</strong></span> 
     </span>
     <span class='ocr_line' id='line_1_50' title="bbox 163 3740 1763 3814; baseline 0.001 -19"><span class='ocrx_word' id='word_1_670' title='bbox 163 3743 240 3796; x_wconf 88' lang='lat' dir='ltr'><strong>ltddo</strong></span> <span class='ocrx_word' id='word_1_671' title='bbox 255 3741 418 3806; x_wconf 75' lang='lat' dir='ltr'><strong>praeteritum</strong></span> <span class='ocrx_word' id='word_1_672' title='bbox 442 3741 505 3795; x_wconf 90' lang='lat' dir='ltr'><strong>illud</strong></span> <span class='ocrx_word' id='word_1_673' title='bbox 519 3742 661 3797; x_wconf 86' lang='lat' dir='ltr'><strong>concilium</strong></span> <span class='ocrx_word' id='word_1_674' title='bbox 677 3758 691 3795; x_wconf 88' lang='lat' dir='ltr'><strong>a</strong></span> <span class='ocrx_word' id='word_1_675' title='bbox 706 3740 912 3812; x_wconf 77' lang='lat' dir='ltr'><strong>Carthaginensi</strong></span> <span class='ocrx_word' id='word_1_676' title='bbox 947 3745 993 3797; x_wconf 81' lang='lat' dir='ltr'><strong>·iu</strong></span> <span class='ocrx_word' id='word_1_677' title='bbox 1008 3743 1108 3796; x_wconf 85' lang='lat' dir='ltr'><strong>scrinia</strong></span> <span class='ocrx_word' id='word_1_678' title='bbox 1119 3756 1166 3796; x_wconf 89' lang='lat' dir='ltr'><strong>sua</strong></span> <span class='ocrx_word' id='word_1_679' title='bbox 1180 3741 1339 3798; x_wconf 87' lang='lat' dir='ltr'><strong>etCodioem</strong></span> <span class='ocrx_word' id='word_1_680' title='bbox 1352 3744 1502 3799; x_wconf 84' lang='lat' dir='ltr'><strong>llomannm</strong></span> <span class='ocrx_word' id='word_1_681' title='bbox 1517 3746 1569 3800; x_wconf 89' lang='lat' dir='ltr'><strong>nisi</strong></span> <span class='ocrx_word' id='word_1_682' title='bbox 1585 3754 1763 3814; x_wconf 59' lang='lat' dir='ltr'><strong>postccutum</strong></span> 
     </span>
     <span class='ocr_line' id='line_1_51' title="bbox 126 3812 1762 3885; baseline 0.004 -22"><span class='ocrx_word' id='word_1_683' title='bbox 126 3827 145 3865; x_wconf 90' lang='lat' dir='ltr'><strong>u</strong></span> <span class='ocrx_word' id='word_1_684' title='bbox 160 3823 280 3879; x_wconf 82' lang='lat' dir='ltr'><strong>ertatrnn,</strong></span> <span class='ocrx_word' id='word_1_685' title='bbox 296 3826 350 3865; x_wconf 76' lang='lat' dir='ltr'><strong>urin</strong></span> <span class='ocrx_word' id='word_1_686' title='bbox 365 3824 418 3865; x_wconf 89' lang='lat' dir='ltr'><strong>lain</strong></span> <span class='ocrx_word' id='word_1_687' title='bbox 434 3812 519 3879; x_wconf 78' lang='lat' dir='ltr'><strong>legem</strong></span> <span class='ocrx_word' id='word_1_688' title='bbox 535 3815 628 3868; x_wconf 88' lang='lat' dir='ltr'><strong>tulisse</strong></span> <span class='ocrx_word' id='word_1_689' title='bbox 641 3814 676 3867; x_wconf 91' lang='lat' dir='ltr'><strong>de</strong></span> <span class='ocrx_word' id='word_1_690' title='bbox 687 3817 850 3869; x_wconf 80' lang='lat' dir='ltr'><strong>cointiuentia</strong></span> <span class='ocrx_word' id='word_1_691' title='bbox 862 3817 916 3871; x_wconf 87' lang='lat' dir='ltr'><strong>cle·</strong></span> <span class='ocrx_word' id='word_1_692' title='bbox 967 3828 1054 3869; x_wconf 84' lang='lat' dir='ltr'><strong>annos</strong></span> <span class='ocrx_word' id='word_1_693' title='bbox 1080 3815 1250 3878; x_wconf 73' lang='lat' dir='ltr'><strong>retulissenc</strong></span> <span class='ocrx_word' id='word_1_694' title='bbox 1279 3817 1425 3882; x_wconf 73' lang='lat' dir='ltr'><strong>presertim</strong></span> <span class='ocrx_word' id='word_1_695' title='bbox 1448 3830 1509 3871; x_wconf 88' lang='lat' dir='ltr'><strong>cum</strong></span> <span class='ocrx_word' id='word_1_696' title='bbox 1535 3825 1573 3870; x_wconf 89' lang='lat' dir='ltr'><strong>tot</strong></span> <span class='ocrx_word' id='word_1_697' title='bbox 1595 3818 1647 3870; x_wconf 87' lang='lat' dir='ltr'><strong>alia</strong></span> <span class='ocrx_word' id='word_1_698' title='bbox 1662 3817 1762 3885; x_wconf 86' lang='lat' dir='ltr'><strong>scripta</strong></span> 
     </span>
     <span class='ocr_line' id='line_1_52' title="bbox 127 3882 1763 3951; baseline 0.004 -16"><span class='ocrx_word' id='word_1_699' title='bbox 127 3884 256 3943; x_wconf 84' lang='lat' dir='ltr'><strong>ricorum.</strong></span> <span class='ocrx_word' id='word_1_700' title='bbox 271 3897 351 3951; x_wconf 82' lang='lat' dir='ltr'><strong>qoam</strong></span> <span class='ocrx_word' id='word_1_701' title='bbox 374 3882 406 3934; x_wconf 87' lang='lat' dir='ltr'><strong>de</strong></span> <span class='ocrx_word' id='word_1_702' title='bbox 423 3883 586 3936; x_wconf 77' lang='lat' dir='ltr'><strong>continentie</strong></span> <span class='ocrx_word' id='word_1_703' title='bbox 606 3891 630 3934; x_wconf 83' lang='lat' dir='ltr'><strong>et</strong></span> <span class='ocrx_word' id='word_1_704' title='bbox 652 3884 776 3938; x_wconf 81' lang='lat' dir='ltr'><strong>caetitatlr</strong></span> <span class='ocrx_word' id='word_1_705' title='bbox 798 3888 916 3940; x_wconf 86' lang='lat' dir='ltr'><strong>molera·</strong></span> <span class='ocrx_word' id='word_1_706' title='bbox 968 3884 1121 3938; x_wconf 88' lang='lat' dir='ltr'><strong>minutioris</strong></span> <span class='ocrx_word' id='word_1_707' title='bbox 1135 3883 1263 3938; x_wconf 89' lang='lat' dir='ltr'><strong>momenti</strong></span> <span class='ocrx_word' id='word_1_708' title='bbox 1278 3889 1304 3938; x_wconf 89' lang='lat' dir='ltr'><strong>m</strong></span> <span class='ocrx_word' id='word_1_709' title='bbox 1318 3901 1395 3939; x_wconf 86' lang='lat' dir='ltr'><strong>sorim</strong></span> <span class='ocrx_word' id='word_1_710' title='bbox 1410 3886 1484 3940; x_wconf 89' lang='lat' dir='ltr'><strong>illum</strong></span> <span class='ocrx_word' id='word_1_711' title='bbox 1495 3885 1619 3941; x_wconf 75' lang='lat' dir='ltr'><strong>codicem</strong></span> <span class='ocrx_word' id='word_1_712' title='bbox 1630 3902 1763 3941; x_wconf 88' lang='lat' dir='ltr'><strong>canonum</strong></span> 
     </span>
     <span class='ocr_line' id='line_1_53' title="bbox 128 3951 1764 4025; baseline 0.004 -21"><span class='ocrx_word' id='word_1_713' title='bbox 128 3952 196 4004; x_wconf 85' lang='lat' dir='ltr'><strong>minc</strong></span> <span class='ocrx_word' id='word_1_714' title='bbox 209 3959 339 4006; x_wconf 78' lang='lat' dir='ltr'><strong>tractasse.</strong></span> <span class='ocrx_word' id='word_1_715' title='bbox 357 3951 413 4018; x_wconf 83' lang='lat' dir='ltr'><strong>lpsa</strong></span> <span class='ocrx_word' id='word_1_716' title='bbox 427 3962 488 4006; x_wconf 89' lang='lat' dir='ltr'><strong>sunt</strong></span> <span class='ocrx_word' id='word_1_717' title='bbox 502 3956 581 4006; x_wconf 81' lang='lat' dir='ltr'><strong>recha</strong></span> <span class='ocrx_word' id='word_1_718' title='bbox 595 3952 795 4025; x_wconf 71' lang='lat' dir='ltr'><strong>Capetusque.</strong></span> <span class='ocrx_word' id='word_1_719' title='bbox 811 3971 863 4010; x_wconf 90' lang='lat' dir='ltr'><strong>uon</strong></span> <span class='ocrx_word' id='word_1_720' title='bbox 874 3972 916 4011; x_wconf 87' lang='lat' dir='ltr'><strong>sa·</strong></span> <span class='ocrx_word' id='word_1_721' title='bbox 967 3964 995 4010; x_wconf 91' lang='lat' dir='ltr'><strong>et</strong></span> <span class='ocrx_word' id='word_1_722' title='bbox 1008 3955 1217 4009; x_wconf 88' lang='lat' dir='ltr'><strong>constitutorum</strong></span> <span class='ocrx_word' id='word_1_723' title='bbox 1241 3956 1311 4010; x_wconf 93' lang='lat' dir='ltr'><strong>ultro</strong></span> <span class='ocrx_word' id='word_1_724' title='bbox 1332 3971 1365 4011; x_wconf 87' lang='lat' dir='ltr'><strong>co</strong></span> <span class='ocrx_word' id='word_1_725' title='bbox 1377 3956 1498 4020; x_wconf 69' lang='lat' dir='ltr'><strong>iecerint</strong></span> <span class='ocrx_word' id='word_1_726' title='bbox 1519 3974 1526 4009; x_wconf 73' lang='grc' dir='ltr'>ε</span> <span class='ocrx_word' id='word_1_727' title='bbox 1552 3957 1611 4012; x_wconf 88' lang='lat' dir='ltr'><strong>lldei</strong></span> <span class='ocrx_word' id='word_1_728' title='bbox 1635 3957 1740 4012; x_wconf 85' lang='lat' dir='ltr'><strong>libellos</strong></span> <span class='ocrx_word' id='word_1_729' title='bbox 1755 3996 1764 4020; x_wconf 87' lang='lat'><strong>,</strong></span> 
     </span>
     <span class='ocr_line' id='line_1_54' title="bbox 127 4021 1766 4096; baseline 0.005 -22"><span class='ocrx_word' id='word_1_730' title='bbox 127 4022 163 4074; x_wconf 88' lang='lat' dir='ltr'><strong>tis</strong></span> <span class='ocrx_word' id='word_1_731' title='bbox 177 4021 315 4089; x_wconf 79' lang='lat' dir='ltr'><strong>perpendit</strong></span> <span class='ocrx_word' id='word_1_732' title='bbox 329 4022 427 4087; x_wconf 85' lang='lat' dir='ltr'><strong>llorca,</strong></span> <span class='ocrx_word' id='word_1_733' title='bbox 443 4036 492 4077; x_wconf 90' lang='lat' dir='ltr'><strong>uec</strong></span> <span class='ocrx_word' id='word_1_734' title='bbox 503 4032 556 4075; x_wconf 89' lang='lat' dir='ltr'><strong>tam</strong></span> <span class='ocrx_word' id='word_1_735' title='bbox 568 4026 682 4091; x_wconf 83' lang='lat' dir='ltr'><strong>proluat</strong></span> <span class='ocrx_word' id='word_1_736' title='bbox 692 4025 807 4078; x_wconf 86' lang='lat' dir='ltr'><strong>edietum</strong></span> <span class='ocrx_word' id='word_1_737' title='bbox 819 4038 847 4080; x_wconf 91' lang='lat' dir='ltr'><strong>ut</strong></span> <span class='ocrx_word' id='word_1_738' title='bbox 861 4030 916 4082; x_wconf 88' lang='lat' dir='ltr'><strong>cle·</strong></span> <span class='ocrx_word' id='word_1_739' title='bbox 967 4025 1109 4089; x_wconf 80' lang='lat' dir='ltr'><strong>eistolas,</strong></span> <span class='ocrx_word' id='word_1_740' title='bbox 1126 4024 1311 4087; x_wconf 83' lang='lat' dir='ltr'><strong>inarratloncs,</strong></span> <span class='ocrx_word' id='word_1_741' title='bbox 1331 4037 1358 4080; x_wconf 90' lang='lat' dir='ltr'><strong>et</strong></span> <span class='ocrx_word' id='word_1_742' title='bbox 1372 4028 1423 4081; x_wconf 88' lang='lat' dir='ltr'><strong>alia</strong></span> <span class='ocrx_word' id='word_1_743' title='bbox 1442 4026 1510 4081; x_wconf 88' lang='lat' dir='ltr'><strong>hene</strong></span> <span class='ocrx_word' id='word_1_744' title='bbox 1525 4028 1625 4093; x_wconf 86' lang='lat' dir='ltr'><strong>mulla,</strong></span> <span class='ocrx_word' id='word_1_745' title='bbox 1640 4042 1701 4096; x_wconf 78' lang='lat' dir='ltr'><strong>qnae</strong></span> <span class='ocrx_word' id='word_1_746' title='bbox 1716 4042 1766 4083; x_wconf 88' lang='lat' dir='ltr'><strong>nea</strong></span> 
     </span>
     <span class='ocr_line' id='line_1_55' title="bbox 127 4090 1760 4169; baseline 0.003 -24"><span class='ocrx_word' id='word_1_747' title='bbox 127 4090 176 4145; x_wconf 87' lang='lat' dir='ltr'><strong>riri</strong></span> <span class='ocrx_word' id='word_1_748' title='bbox 191 4094 224 4145; x_wconf 81' lang='lat' dir='ltr'><strong>ah</strong></span> <span class='ocrx_word' id='word_1_749' title='bbox 238 4092 365 4146; x_wconf 78' lang='lat' dir='ltr'><strong>uxoribus</strong></span> <span class='ocrx_word' id='word_1_750' title='bbox 377 4093 557 4151; x_wconf 77' lang='lat' dir='ltr'><strong>abstinerent.</strong></span> <span class='ocrx_word' id='word_1_751' title='bbox 581 4109 661 4162; x_wconf 82' lang='lat' dir='ltr'><strong>quam</strong></span> <span class='ocrx_word' id='word_1_752' title='bbox 687 4094 846 4157; x_wconf 86' lang='lat' dir='ltr'><strong>indicatum,</strong></span> <span class='ocrx_word' id='word_1_753' title='bbox 868 4100 913 4169; x_wconf 86' lang='lat' dir='ltr'><strong>qul</strong></span> <span class='ocrx_word' id='word_1_754' title='bbox 969 4098 1001 4149; x_wconf 92' lang='lat' dir='ltr'><strong>ad</strong></span> <span class='ocrx_word' id='word_1_755' title='bbox 1014 4096 1178 4167; x_wconf 78' lang='lat' dir='ltr'><strong>synodorum</strong></span> <span class='ocrx_word' id='word_1_756' title='bbox 1194 4097 1234 4149; x_wconf 85' lang='lat' dir='ltr'><strong>rel</strong></span> <span class='ocrx_word' id='word_1_757' title='bbox 1251 4097 1420 4152; x_wconf 88' lang='lat' dir='ltr'><strong>decretorum</strong></span> <span class='ocrx_word' id='word_1_758' title='bbox 1438 4097 1634 4165; x_wconf 77' lang='lat' dir='ltr'><strong>pontificiorum</strong></span> <span class='ocrx_word' id='word_1_759' title='bbox 1648 4101 1760 4152; x_wconf 86' lang='lat' dir='ltr'><strong>anctori-</strong></span> 
     </span>
     <span class='ocr_line' id='line_1_56' title="bbox 127 4160 1765 4236; baseline 0.004 -21"><span class='ocrx_word' id='word_1_760' title='bbox 127 4162 286 4216; x_wconf 85' lang='lat' dir='ltr'><strong>cierioorum</strong></span> <span class='ocrx_word' id='word_1_761' title='bbox 300 4160 333 4215; x_wconf 86' lang='lat' dir='ltr'><strong>ad</strong></span> <span class='ocrx_word' id='word_1_762' title='bbox 350 4165 400 4215; x_wconf 89' lang='lat' dir='ltr'><strong>linc</strong></span> <span class='ocrx_word' id='word_1_763' title='bbox 414 4178 466 4215; x_wconf 90' lang='lat' dir='ltr'><strong>non</strong></span> <span class='ocrx_word' id='word_1_764' title='bbox 481 4161 540 4233; x_wconf 67' lang='lat' dir='ltr'><strong>coci</strong></span> <span class='ocrx_word' id='word_1_765' title='bbox 560 4162 699 4225; x_wconf 82' lang='lat' dir='ltr'><strong>deherent,</strong></span> <span class='ocrx_word' id='word_1_766' title='bbox 722 4166 767 4234; x_wconf 84' lang='lat' dir='ltr'><strong>qui</strong></span> <span class='ocrx_word' id='word_1_767' title='bbox 793 4182 857 4220; x_wconf 83' lang='lat' dir='ltr'><strong>sero</strong></span> <span class='ocrx_word' id='word_1_768' title='bbox 871 4184 916 4220; x_wconf 72' lang='lat' dir='ltr'><strong>es·</strong></span> <span class='ocrx_word' id='word_1_769' title='bbox 969 4177 1024 4220; x_wconf 85' lang='lat' dir='ltr'><strong>tate</strong></span> <span class='ocrx_word' id='word_1_770' title='bbox 1035 4188 1050 4219; x_wconf 92' lang='lat' dir='ltr'><strong>n</strong></span> <span class='ocrx_word' id='word_1_771' title='bbox 1064 4167 1205 4229; x_wconf 75' lang='lat' dir='ltr'><strong>accedunt,</strong></span> <span class='ocrx_word' id='word_1_772' title='bbox 1223 4178 1271 4220; x_wconf 88' lang='lat' dir='ltr'><strong>nec</strong></span> <span class='ocrx_word' id='word_1_773' title='bbox 1285 4167 1431 4222; x_wconf 82' lang='lat' dir='ltr'><strong>itomanam</strong></span> <span class='ocrx_word' id='word_1_774' title='bbox 1452 4182 1508 4221; x_wconf 87' lang='lat' dir='ltr'><strong>rem</strong></span> <span class='ocrx_word' id='word_1_775' title='bbox 1530 4168 1650 4236; x_wconf 82' lang='lat' dir='ltr'><strong>proxime</strong></span> <span class='ocrx_word' id='word_1_776' title='bbox 1666 4169 1765 4224; x_wconf 87' lang='lat' dir='ltr'><strong>attius·</strong></span> 
     </span>
     <span class='ocr_line' id='line_1_57' title="bbox 127 4230 1762 4355; baseline 0.004 -69"><span class='ocrx_word' id='word_1_777' title='bbox 127 4230 310 4355; x_wconf 49' lang='lat' dir='ltr'><strong>canteogendi</strong></span> <span class='ocrx_word' id='word_1_778' title='bbox 325 4250 331 4285; x_wconf 92' lang='lat'>:</span> <span class='ocrx_word' id='word_1_779' title='bbox 351 4232 485 4289; x_wconf 84' lang='lat' dir='ltr'><strong>nonnullis</strong></span> <span class='ocrx_word' id='word_1_780' title='bbox 498 4233 623 4288; x_wconf 82' lang='lat' dir='ltr'><strong>videlicet</strong></span> <span class='ocrx_word' id='word_1_781' title='bbox 638 4235 783 4291; x_wconf 80' lang='lat' dir='ltr'><strong>severioris</strong></span> <span class='ocrx_word' id='word_1_782' title='bbox 795 4235 915 4306; x_wconf 76' lang='lat' dir='ltr'><strong>discipli</strong></span> <span class='ocrx_word' id='word_1_783' title='bbox 970 4240 1042 4291; x_wconf 78' lang='lat' dir='ltr'><strong>haist.</strong></span> <span class='ocrx_word' id='word_1_784' title='bbox 1058 4236 1129 4289; x_wconf 78' lang='lat' dir='ltr'><strong>Niliil</strong></span> <span class='ocrx_word' id='word_1_785' title='bbox 1142 4244 1185 4290; x_wconf 79' lang='lat' dir='ltr'><strong>ea</strong></span> <span class='ocrx_word' id='word_1_786' title='bbox 1198 4236 1277 4303; x_wconf 74' lang='lat' dir='ltr'><strong>igitur</strong></span> <span class='ocrx_word' id='word_1_787' title='bbox 1291 4237 1361 4292; x_wconf 86' lang='lat' dir='ltr'><strong>irnde</strong></span> <span class='ocrx_word' id='word_1_788' title='bbox 1371 4252 1405 4290; x_wconf 81' lang='lat' dir='ltr'><strong>et·</strong></span> <span class='ocrx_word' id='word_1_789' title='bbox 1420 4237 1512 4293; x_wconf 89' lang='lat' dir='ltr'><strong>codice</strong></span> <span class='ocrx_word' id='word_1_790' title='bbox 1522 4239 1762 4309; x_wconf 74' lang='lat' dir='ltr'><strong>genitinosuiiditi·</strong></span> 
     </span>
     <span class='ocr_line' id='line_1_58' title="bbox 127 4302 1729 4372; baseline 0.004 -16"><span class='ocrx_word' id='word_1_791' title='bbox 127 4317 169 4356; x_wconf 78' lang='lat' dir='ltr'><strong>nc</strong></span> <span class='ocrx_word' id='word_1_792' title='bbox 183 4311 225 4356; x_wconf 91' lang='lat' dir='ltr'><strong>stu</strong></span> <span class='ocrx_word' id='word_1_793' title='bbox 246 4305 324 4367; x_wconf 84' lang='lat' dir='ltr'><strong>rosis,</strong></span> <span class='ocrx_word' id='word_1_794' title='bbox 349 4302 467 4357; x_wconf 81' lang='lat' dir='ltr'><strong>nrinores</strong></span> <span class='ocrx_word' id='word_1_795' title='bbox 478 4302 557 4356; x_wconf 83' lang='lat' dir='ltr'><strong>etiam</strong></span> <span class='ocrx_word' id='word_1_796' title='bbox 572 4304 684 4359; x_wconf 84' lang='lat' dir='ltr'><strong>elericos</strong></span> <span class='ocrx_word' id='word_1_797' title='bbox 697 4305 848 4359; x_wconf 80' lang='lat' dir='ltr'><strong>abstinendi</strong></span> <span class='ocrx_word' id='word_1_798' title='bbox 870 4323 918 4362; x_wconf 89' lang='lat' dir='ltr'><strong>ue·</strong></span> <span class='ocrx_word' id='word_1_799' title='bbox 970 4318 1013 4360; x_wconf 83' lang='lat' dir='ltr'><strong>tue</strong></span> <span class='ocrx_word' id='word_1_800' title='bbox 1026 4307 1177 4372; x_wconf 73' lang='lat' dir='ltr'><strong>husjusmodi</strong></span> <span class='ocrx_word' id='word_1_801' title='bbox 1192 4307 1389 4367; x_wconf 63' lang='lat' dir='ltr'><strong>scriptiuncula}</strong></span> <span class='ocrx_word' id='word_1_802' title='bbox 1401 4308 1729 4364; x_wconf 66' lang='lat' dir='ltr'><strong>alletoritas‘coocilietur.</strong></span> 
     </span>
     <span class='ocr_line' id='line_1_59' title="bbox 127 4372 1765 4449; baseline 0.004 -22"><span class='ocrx_word' id='word_1_803' title='bbox 127 4374 244 4441; x_wconf 64' lang='lat' dir='ltr'><strong>sescnti</strong></span> <span class='ocrx_word' id='word_1_804' title='bbox 258 4372 391 4440; x_wconf 75' lang='lat' dir='ltr'><strong>subjicere</strong></span> <span class='ocrx_word' id='word_1_805' title='bbox 400 4372 558 4427; x_wconf 80' lang='lat' dir='ltr'><strong>volentibus.</strong></span> <span class='ocrx_word' id='word_1_806' title='bbox 570 4374 655 4442; x_wconf 82' lang='lat' dir='ltr'><strong>Quam</strong></span> <span class='ocrx_word' id='word_1_807' title='bbox 670 4375 916 4444; x_wconf 82' lang='lat' dir='ltr'><strong>interpretationem</strong></span> <span class='ocrx_word' id='word_1_808' title='bbox 1005 4376 1138 4431; x_wconf 68' lang='lat' dir='ltr'><strong>(interium</strong></span> <span class='ocrx_word' id='word_1_809' title='bbox 1153 4376 1175 4429; x_wconf 91' lang='lat' dir='ltr'><strong>si</strong></span> <span class='ocrx_word' id='word_1_810' title='bbox 1189 4376 1264 4442; x_wconf 81' lang='lat' dir='ltr'><strong>crtjns</strong></span> <span class='ocrx_word' id='word_1_811' title='bbox 1276 4376 1345 4432; x_wconf 81' lang='lat' dir='ltr'><strong>sorte</strong></span> <span class='ocrx_word' id='word_1_812' title='bbox 1363 4389 1479 4431; x_wconf 86' lang='lat' dir='ltr'><strong>meruem</strong></span> <span class='ocrx_word' id='word_1_813' title='bbox 1495 4379 1552 4433; x_wconf 80' lang='lat' dir='ltr'><strong>huc</strong></span> <span class='ocrx_word' id='word_1_814' title='bbox 1566 4378 1683 4433; x_wconf 77' lang='lat' dir='ltr'><strong>incessat</strong></span> <span class='ocrx_word' id='word_1_815' title='bbox 1706 4381 1765 4449; x_wconf 90' lang='lat' dir='ltr'><strong>opi·</strong></span> 
     </span>
     <span class='ocr_line' id='line_1_60' title="bbox 127 4441 1764 4515; baseline 0.005 -20"><span class='ocrx_word' id='word_1_816' title='bbox 127 4455 161 4495; x_wconf 82' lang='lat' dir='ltr'><strong>ex</strong></span> <span class='ocrx_word' id='word_1_817' title='bbox 190 4443 272 4509; x_wconf 75' lang='lat' dir='ltr'><strong>ipsius</strong></span> <span class='ocrx_word' id='word_1_818' title='bbox 301 4441 412 4497; x_wconf 80' lang='lat' dir='ltr'><strong>cainonis</strong></span> <span class='ocrx_word' id='word_1_819' title='bbox 436 4442 551 4497; x_wconf 88' lang='lat' dir='ltr'><strong>lectione</strong></span> <span class='ocrx_word' id='word_1_820' title='bbox 573 4454 755 4512; x_wconf 70' lang='lat' dir='ltr'><strong>emergentem</strong></span> <span class='ocrx_word' id='word_1_821' title='bbox 779 4448 919 4503; x_wconf 88' lang='lat' dir='ltr'><strong>conllrmat</strong></span> <span class='ocrx_word' id='word_1_822' title='bbox 970 4447 1025 4514; x_wconf 91' lang='lat' dir='ltr'><strong>nio,</strong></span> <span class='ocrx_word' id='word_1_823' title='bbox 1043 4447 1264 4513; x_wconf 82' lang='lat' dir='ltr'><strong>utnimpieillod</strong></span> <span class='ocrx_word' id='word_1_824' title='bbox 1281 4462 1482 4502; x_wconf 88' lang='lat' dir='ltr'><strong>mouumentum</strong></span> <span class='ocrx_word' id='word_1_825' title='bbox 1503 4451 1764 4515; x_wconf 85' lang='lat' dir='ltr'><strong>lutersporiasori-</strong></span> 
     </span>
     <span class='ocr_line' id='line_1_61' title="bbox 126 4512 1764 4587; baseline 0.006 -22"><span class='ocrx_word' id='word_1_826' title='bbox 126 4512 195 4566; x_wconf 78' lang='lat' dir='ltr'><strong>alter</strong></span> <span class='ocrx_word' id='word_1_827' title='bbox 214 4527 300 4566; x_wconf 85' lang='lat' dir='ltr'><strong>canon</strong></span> <span class='ocrx_word' id='word_1_828' title='bbox 314 4513 419 4567; x_wconf 86' lang='lat' dir='ltr'><strong>concilii</strong></span> <span class='ocrx_word' id='word_1_829' title='bbox 434 4514 650 4583; x_wconf 71' lang='lat' dir='ltr'><strong>Catrrliaginensis</strong></span> <span class='ocrx_word' id='word_1_830' title='bbox 668 4528 729 4568; x_wconf 87' lang='lat' dir='ltr'><strong>aum</strong></span> <span class='ocrx_word' id='word_1_831' title='bbox 745 4528 792 4569; x_wconf 88' lang='lat' dir='ltr'><strong>sca</strong></span> <span class='ocrx_word' id='word_1_832' title='bbox 804 4516 856 4572; x_wconf 79' lang='grc'><strong>598</strong></span> <span class='ocrx_word' id='word_1_833' title='bbox 870 4534 917 4574; x_wconf 88' lang='lat' dir='ltr'><strong>seo</strong></span> <span class='ocrx_word' id='word_1_834' title='bbox 931 4526 956 4586; x_wconf 82' lang='lat'><strong>1)</strong></span> <span class='ocrx_word' id='word_1_835' title='bbox 970 4530 1014 4587; x_wconf 87' lang='lat' dir='ltr'><strong>pta</strong></span> <span class='ocrx_word' id='word_1_836' title='bbox 1030 4518 1143 4583; x_wconf 64' lang='lat' dir='ltr'><strong>relegari</strong></span> <span class='ocrx_word' id='word_1_837' title='bbox 1157 4516 1291 4570; x_wconf 75' lang='lat' dir='ltr'><strong>turnilann</strong></span> <span class='ocrx_word' id='word_1_838' title='bbox 1306 4533 1368 4585; x_wconf 70' lang='lat' dir='ltr'><strong>erga</strong></span> <span class='ocrx_word' id='word_1_839' title='bbox 1383 4518 1530 4572; x_wconf 82' lang='lat' dir='ltr'><strong>Rornanam</strong></span> <span class='ocrx_word' id='word_1_840' title='bbox 1548 4520 1694 4575; x_wconf 78' lang='lat' dir='ltr'><strong>Ecclesiam</strong></span> <span class='ocrx_word' id='word_1_841' title='bbox 1706 4520 1764 4576; x_wconf 86' lang='lat' dir='ltr'><strong>ani·</strong></span> 
     </span>
     <span class='ocr_line' id='line_1_62' title="bbox 126 4581 1762 4661; baseline 0.006 -25"><span class='ocrx_word' id='word_1_842' title='bbox 126 4581 190 4646; x_wconf 79' lang='lat' dir='ltr'><strong>titt,</strong></span> <span class='ocrx_word' id='word_1_843' title='bbox 225 4584 249 4634; x_wconf 90' lang='lat' dir='ltr'><strong>ui</strong></span> <span class='ocrx_word' id='word_1_844' title='bbox 269 4584 296 4635; x_wconf 89' lang='lat' dir='ltr'><strong>in</strong></span> <span class='ocrx_word' id='word_1_845' title='bbox 309 4582 408 4636; x_wconf 86' lang='lat' dir='ltr'><strong>Codice</strong></span> <span class='ocrx_word' id='word_1_846' title='bbox 428 4582 552 4637; x_wconf 80' lang='lat' dir='ltr'><strong>nlucnnn</strong></span> <span class='ocrx_word' id='word_1_847' title='bbox 566 4585 778 4654; x_wconf 70' lang='lat' dir='ltr'><strong>septuagesimus</strong></span> <span class='ocrx_word' id='word_1_848' title='bbox 792 4602 918 4643; x_wconf 83' lang='lat' dir='ltr'><strong>numera·</strong></span> <span class='ocrx_word' id='word_1_849' title='bbox 971 4605 1015 4643; x_wconf 82' lang='lat' dir='ltr'><strong>ino</strong></span> <span class='ocrx_word' id='word_1_850' title='bbox 1026 4604 1035 4653; x_wconf 86' lang='grc'>;</span> <span class='ocrx_word' id='word_1_851' title='bbox 1047 4589 1069 4642; x_wconf 86' lang='lat' dir='ltr'><strong>is</strong></span> <span class='ocrx_word' id='word_1_852' title='bbox 1084 4590 1204 4658; x_wconf 90' lang='lat' dir='ltr'><strong>prolecto</strong></span> <span class='ocrx_word' id='word_1_853' title='bbox 1218 4601 1244 4641; x_wconf 90' lang='lat' dir='ltr'><strong>et</strong></span> <span class='ocrx_word' id='word_1_854' title='bbox 1258 4589 1291 4641; x_wconf 90' lang='lat' dir='ltr'><strong>de</strong></span> <span class='ocrx_word' id='word_1_855' title='bbox 1307 4598 1398 4643; x_wconf 87' lang='lat' dir='ltr'><strong>nostra</strong></span> <span class='ocrx_word' id='word_1_856' title='bbox 1413 4600 1501 4646; x_wconf 82' lang='lat' dir='ltr'><strong>triente</strong></span> <span class='ocrx_word' id='word_1_857' title='bbox 1515 4596 1630 4657; x_wconf 83' lang='lat' dir='ltr'><strong>pessime</strong></span> <span class='ocrx_word' id='word_1_858' title='bbox 1642 4590 1762 4661; x_wconf 81' lang='lat' dir='ltr'><strong>judicat,</strong></span> 
     </span>
     <span class='ocr_line' id='line_1_63' title="bbox 126 4653 1762 4729; baseline 0.007 -25"><span class='ocrx_word' id='word_1_859' title='bbox 126 4661 192 4704; x_wconf 88' lang='lat' dir='ltr'><strong>tor:</strong></span> <span class='ocrx_word' id='word_1_860' title='bbox 234 4653 328 4716; x_wconf 77' lang='lat' dir='ltr'><strong>lacuit,</strong></span> <span class='ocrx_word' id='word_1_861' title='bbox 359 4655 457 4720; x_wconf 79' lang='lat' dir='ltr'><strong>muttit,</strong></span> <span class='ocrx_word' id='word_1_862' title='bbox 487 4656 633 4724; x_wconf 86' lang='lat' dir='ltr'><strong>episcopos,</strong></span> <span class='ocrx_word' id='word_1_863' title='bbox 657 4666 680 4710; x_wconf 90' lang='lat' dir='ltr'><strong>et</strong></span> <span class='ocrx_word' id='word_1_864' title='bbox 702 4657 918 4729; x_wconf 56' lang='lat' dir='ltr'><strong>presbyterumet</strong></span> <span class='ocrx_word' id='word_1_865' title='bbox 969 4658 1075 4726; x_wconf 80' lang='lat' dir='ltr'><strong>etquid</strong></span> <span class='ocrx_word' id='word_1_866' title='bbox 1092 4659 1240 4712; x_wconf 73' lang='lat' dir='ltr'><strong>rarescitis</strong></span> <span class='ocrx_word' id='word_1_867' title='bbox 1266 4657 1421 4726; x_wconf 77' lang='lat' dir='ltr'><strong>:npnsinltca</strong></span> <span class='ocrx_word' id='word_1_868' title='bbox 1447 4661 1762 4729; x_wconf 78' lang='lat' dir='ltr'><strong>iatiouihuseouducal,</strong></span> 
     </span>
     <span class='ocr_line' id='line_1_64' title="bbox 101 4721 1766 4796; baseline 0.007 -22"><span class='ocrx_word' id='word_1_869' title='bbox 101 4721 394 4796; x_wconf 35' lang='lat' dir='ltr'><strong>‘diacanocaccandmn</strong></span> <span class='ocrx_word' id='word_1_870' title='bbox 409 4725 496 4791; x_wconf 86' lang='lat' dir='ltr'><strong>priora</strong></span> <span class='ocrx_word' id='word_1_871' title='bbox 505 4735 601 4779; x_wconf 80' lang='lat' dir='ltr'><strong>statmo</strong></span> <span class='ocrx_word' id='word_1_872' title='bbox 611 4728 687 4779; x_wconf 87' lang='lat' dir='ltr'><strong>etiarn</strong></span> <span class='ocrx_word' id='word_1_873' title='bbox 698 4727 729 4779; x_wconf 85' lang='lat' dir='ltr'><strong>ai</strong></span> <span class='ocrx_word' id='word_1_874' title='bbox 740 4729 861 4781; x_wconf 81' lang='lat' dir='ltr'><strong>acoribus</strong></span> <span class='ocrx_word' id='word_1_875' title='bbox 873 4730 918 4784; x_wconf 82' lang='lat' dir='ltr'><strong>nli-</strong></span> <span class='ocrx_word' id='word_1_876' title='bbox 969 4731 1180 4784; x_wconf 79' lang='lat' dir='ltr'><strong>miuimennsit.</strong></span> <span class='ocrx_word' id='word_1_877' title='bbox 1207 4726 1309 4781; x_wconf 82' lang='lat' dir='ltr'><strong>Revera</strong></span> <span class='ocrx_word' id='word_1_878' title='bbox 1338 4732 1409 4783; x_wconf 90' lang='lat' dir='ltr'><strong>enim</strong></span> <span class='ocrx_word' id='word_1_879' title='bbox 1430 4739 1458 4783; x_wconf 89' lang='lat' dir='ltr'><strong>et</strong></span> <span class='ocrx_word' id='word_1_880' title='bbox 1487 4730 1613 4784; x_wconf 68' lang='lat' dir='ltr'><strong>Ecclesiae</strong></span> <span class='ocrx_word' id='word_1_881' title='bbox 1637 4730 1766 4787; x_wconf 77' lang='lat' dir='ltr'><strong>Romanae</strong></span> 
     </span>
     <span class='ocr_line' id='line_1_65' title="bbox 126 4790 1763 4869; baseline 0.007 -24"><span class='ocrx_word' id='word_1_882' title='bbox 126 4794 220 4845; x_wconf 85' lang='lat' dir='ltr'><strong>ctiucrc</strong></span> <span class='ocrx_word' id='word_1_883' title='bbox 230 4808 239 4844; x_wconf 91' lang='lat'><strong>.·</strong></span> <span class='ocrx_word' id='word_1_884' title='bbox 251 4790 320 4862; x_wconf 79' lang='lat' dir='ltr'><strong>quod</strong></span> <span class='ocrx_word' id='word_1_885' title='bbox 334 4794 386 4846; x_wconf 79' lang='lat' dir='ltr'><strong>crisi</strong></span> <span class='ocrx_word' id='word_1_886' title='bbox 408 4794 512 4857; x_wconf 70' lang='lat' dir='ltr'><strong>[meunt</strong></span> <span class='ocrx_word' id='word_1_887' title='bbox 523 4834 531 4859; x_wconf 91' lang='lat'><strong>,</strong></span> <span class='ocrx_word' id='word_1_888' title='bbox 544 4797 576 4849; x_wconf 84' lang='lat' dir='ltr'><strong>ai</strong></span> <span class='ocrx_word' id='word_1_889' title='bbox 589 4797 759 4851; x_wconf 79' lang='lat' dir='ltr'><strong>ecclesiastico</strong></span> <span class='ocrx_word' id='word_1_890' title='bbox 770 4814 917 4854; x_wconf 79' lang='lat' dir='ltr'><strong>removean-</strong></span> <span class='ocrx_word' id='word_1_891' title='bbox 968 4800 1082 4863; x_wconf 21' lang='lat' dir='ltr'><strong>epistola</strong></span> <span class='ocrx_word' id='word_1_892' title='bbox 1097 4799 1141 4852; x_wconf 85' lang='lat' dir='ltr'><strong>illa</strong></span> <span class='ocrx_word' id='word_1_893' title='bbox 1161 4807 1188 4853; x_wconf 86' lang='lat' dir='ltr'><strong>et</strong></span> <span class='ocrx_word' id='word_1_894' title='bbox 1201 4798 1289 4855; x_wconf 78' lang='lat' dir='ltr'><strong>stucu</strong></span> <span class='ocrx_word' id='word_1_895' title='bbox 1305 4801 1488 4869; x_wconf 75' lang='lat' dir='ltr'><strong>aremoricis)</strong></span> <span class='ocrx_word' id='word_1_896' title='bbox 1503 4804 1697 4856; x_wconf 85' lang='lat' dir='ltr'><strong>coruumeliosa</strong></span> <span class='ocrx_word' id='word_1_897' title='bbox 1712 4812 1763 4857; x_wconf 89' lang='lat' dir='ltr'><strong>est.</strong></span> 
     </span>
     <span class='ocr_line' id='line_1_66' title="bbox 126 4860 1764 4940; baseline 0.007 -26"><span class='ocrx_word' id='word_1_898' title='bbox 126 4871 168 4914; x_wconf 79' lang='lat' dir='ltr'><strong>tar</strong></span> <span class='ocrx_word' id='word_1_899' title='bbox 182 4862 273 4930; x_wconf 71' lang='lat' dir='ltr'><strong>affine.</strong></span> <span class='ocrx_word' id='word_1_900' title='bbox 288 4863 371 4934; x_wconf 69' lang='lat'><strong>902</strong></span> <span class='ocrx_word' id='word_1_901' title='bbox 385 4860 494 4918; x_wconf 80' lang='lat' dir='ltr'><strong>Caeteros</strong></span> <span class='ocrx_word' id='word_1_902' title='bbox 508 4881 565 4918; x_wconf 84' lang='lat' dir='ltr'><strong>cero</strong></span> <span class='ocrx_word' id='word_1_903' title='bbox 583 4865 686 4921; x_wconf 85' lang='lat' dir='ltr'><strong>clericor</strong></span> <span class='ocrx_word' id='word_1_904' title='bbox 700 4868 735 4920; x_wconf 83' lang='lat' dir='ltr'><strong>ad</strong></span> <span class='ocrx_word' id='word_1_905' title='bbox 749 4870 797 4922; x_wconf 86' lang='lat' dir='ltr'><strong>linc</strong></span> <span class='ocrx_word' id='word_1_906' title='bbox 810 4870 917 4923; x_wconf 87' lang='lat' dir='ltr'><strong>nou&#39;co-</strong></span> <span class='ocrx_word' id='word_1_907' title='bbox 966 4869 1035 4924; x_wconf 84' lang='lat' dir='ltr'><strong>Cum</strong></span> <span class='ocrx_word' id='word_1_908' title='bbox 1051 4870 1175 4925; x_wconf 84' lang='lat' dir='ltr'><strong>videlicet</strong></span> <span class='ocrx_word' id='word_1_909' title='bbox 1186 4872 1305 4923; x_wconf 84' lang='lat' dir='ltr'><strong>sniictior</strong></span> <span class='ocrx_word' id='word_1_910' title='bbox 1320 4884 1428 4937; x_wconf 86' lang='lat' dir='ltr'><strong>semper</strong></span> <span class='ocrx_word' id='word_1_911' title='bbox 1442 4870 1523 4925; x_wconf 88' lang='lat' dir='ltr'><strong>inerit</strong></span> <span class='ocrx_word' id='word_1_912' title='bbox 1543 4871 1622 4928; x_wconf 87' lang='lat' dir='ltr'><strong>Ecele</strong></span> <span class='ocrx_word' id='word_1_913' title='bbox 1636 4873 1670 4927; x_wconf 74' lang='lat' dir='ltr'><strong>irc</strong></span> <span class='ocrx_word' id='word_1_914' title='bbox 1686 4872 1764 4940; x_wconf 85' lang='lat' dir='ltr'><strong>liujus</strong></span> 
     </span>
     <span class='ocr_line' id='line_1_67' title="bbox 126 4932 1765 5012; baseline 0.006 -27"><span class='ocrx_word' id='word_1_915' title='bbox 126 4932 167 5002; x_wconf 77' lang='lat' dir='ltr'><strong>pi,</strong></span> <span class='ocrx_word' id='word_1_916' title='bbox 181 4932 226 4986; x_wconf 82' lang='lat' dir='ltr'><strong>scd</strong></span> <span class='ocrx_word' id='word_1_917' title='bbox 238 4941 379 4987; x_wconf 74' lang='lat' dir='ltr'><strong>sermacia</strong></span> <span class='ocrx_word' id='word_1_918' title='bbox 399 4936 598 5006; x_wconf 77' lang='lat' dir='ltr'><strong>uniuscujusque</strong></span> <span class='ocrx_word' id='word_1_919' title='bbox 613 4935 734 4991; x_wconf 78' lang='lat' dir='ltr'><strong>Ecclesia</strong></span> <span class='ocrx_word' id='word_1_920' title='bbox 755 4940 916 4993; x_wconf 77' lang='lat' dir='ltr'><strong>consuetudi·</strong></span> <span class='ocrx_word' id='word_1_921' title='bbox 969 4941 1104 5010; x_wconf 73' lang='lat' dir='ltr'><strong>primulae</strong></span> <span class='ocrx_word' id='word_1_922' title='bbox 1115 4941 1254 5009; x_wconf 83' lang='lat' dir='ltr'><strong>disciplina</strong></span> <span class='ocrx_word' id='word_1_923' title='bbox 1270 4942 1340 4995; x_wconf 82' lang='lat' dir='ltr'><strong>circi</strong></span> <span class='ocrx_word' id='word_1_924' title='bbox 1354 4943 1405 4995; x_wconf 80' lang='lat' dir='ltr'><strong>ais</strong></span> <span class='ocrx_word' id='word_1_925' title='bbox 1421 4943 1519 5003; x_wconf 81' lang='lat' dir='ltr'><strong>passim</strong></span> <span class='ocrx_word' id='word_1_926' title='bbox 1531 4945 1629 5012; x_wconf 86' lang='lat' dir='ltr'><strong>capita,</strong></span> <span class='ocrx_word' id='word_1_927' title='bbox 1649 4947 1765 4997; x_wconf 82' lang='lat' dir='ltr'><strong>inaximo</strong></span> 
     </span>
    </p>
   </div>
   <div class='ocr_carea' id='block_1_3' title="bbox 676 5047 1243 5107">
    <p class='ocr_par' dir='ltr' id='par_1_3' title="bbox 676 5047 1243 5107">
     <span class='ocr_line' id='line_1_68' title="bbox 676 5047 1243 5107; baseline 0.004 -5"><span class='ocrx_word' id='word_1_928' title='bbox 676 5047 950 5105; x_wconf 80' lang='lat' dir='ltr'><strong>eatteutntotttttt</strong></span> <span class='ocrx_word' id='word_1_929' title='bbox 969 5050 1243 5107; x_wconf 71' lang='lat' dir='ltr'><strong>eruditiones.</strong></span> 
     </span>
    </p>
   </div>
   <div class='ocr_carea' id='block_1_4' title="bbox 81 5135 921 5768">
    <p class='ocr_par' dir='ltr' id='par_1_4' title="bbox 81 5135 917 5207">
     <span class='ocr_line' id='line_1_69' title="bbox 81 5135 917 5207; baseline 0.005 -19"><span class='ocrx_word' id='word_1_930' title='bbox 81 5142 91 5161; x_wconf 89' lang='grc'><em>·</em></span> <span class='ocrx_word' id='word_1_931' title='bbox 165 5136 205 5207; x_wconf 76' lang='grc' dir='ltr'><strong>(ι)</strong></span> <span class='ocrx_word' id='word_1_932' title='bbox 225 5135 263 5191; x_wconf 89' lang='lat' dir='ltr'><strong>lle</strong></span> <span class='ocrx_word' id='word_1_933' title='bbox 275 5136 326 5191; x_wconf 88' lang='lat' dir='ltr'><strong>hoc</strong></span> <span class='ocrx_word' id='word_1_934' title='bbox 339 5135 404 5190; x_wconf 85' lang='lat' dir='ltr'><strong>satis</strong></span> <span class='ocrx_word' id='word_1_935' title='bbox 419 5135 523 5191; x_wconf 80' lang='lat' dir='ltr'><strong>diesim</strong></span> <span class='ocrx_word' id='word_1_936' title='bbox 535 5136 561 5191; x_wconf 91' lang='lat' dir='ltr'><strong>in</strong></span> <span class='ocrx_word' id='word_1_937' title='bbox 576 5135 696 5201; x_wconf 64' lang='lat' dir='ltr'><strong>obsecr„</strong></span> <span class='ocrx_word' id='word_1_938' title='bbox 711 5152 737 5191; x_wconf 87' lang='lat' dir='ltr'><strong>c.</strong></span> <span class='ocrx_word' id='word_1_939' title='bbox 753 5139 783 5201; x_wconf 81' lang='lat' dir='ltr'><strong>t,</strong></span> <span class='ocrx_word' id='word_1_940' title='bbox 799 5149 874 5193; x_wconf 88' lang='lat' dir='ltr'><strong>num.</strong></span> <span class='ocrx_word' id='word_1_941' title='bbox 889 5138 917 5192; x_wconf 78' lang='lat'><strong>2.</strong></span> 
     </span>
    </p>

    <p class='ocr_par' dir='ltr' id='par_1_5' title="bbox 128 5206 921 5542">
     <span class='ocr_line' id='line_1_70' title="bbox 166 5206 920 5278; baseline 0.001 -18"><span class='ocrx_word' id='word_1_942' title='bbox 166 5206 205 5277; x_wconf 85' lang='lat' dir='ltr'><strong>(t)</strong></span> <span class='ocrx_word' id='word_1_943' title='bbox 225 5207 301 5261; x_wconf 77' lang='lat' dir='ltr'><strong>Nulli</strong></span> <span class='ocrx_word' id='word_1_944' title='bbox 315 5212 385 5263; x_wconf 85' lang='lat' dir='ltr'><strong>lrsirs</strong></span> <span class='ocrx_word' id='word_1_945' title='bbox 401 5207 525 5270; x_wconf 84' lang='lat' dir='ltr'><strong>luit,cum</strong></span> <span class='ocrx_word' id='word_1_946' title='bbox 538 5207 705 5278; x_wconf 76' lang='lat' dir='ltr'><strong>otnnystanae</strong></span> <span class='ocrx_word' id='word_1_947' title='bbox 716 5209 767 5261; x_wconf 92' lang='lat' dir='ltr'><strong>coll</strong></span> <span class='ocrx_word' id='word_1_948' title='bbox 785 5211 866 5265; x_wconf 87' lang='lat' dir='ltr'><strong>crioni</strong></span> <span class='ocrx_word' id='word_1_949' title='bbox 877 5226 920 5262; x_wconf 91' lang='lat' dir='ltr'><strong>m·</strong></span> 
     </span>
     <span class='ocr_line' id='line_1_71' title="bbox 129 5277 921 5347; baseline 0.001 -15"><span class='ocrx_word' id='word_1_950' title='bbox 129 5282 172 5333; x_wconf 87' lang='lat' dir='ltr'><strong>ter</strong></span> <span class='ocrx_word' id='word_1_951' title='bbox 183 5281 305 5347; x_wconf 78' lang='lat' dir='ltr'><strong>qnmrlaru</strong></span> <span class='ocrx_word' id='word_1_952' title='bbox 318 5277 370 5330; x_wconf 81' lang='lat' dir='ltr'><strong>alia</strong></span> <span class='ocrx_word' id='word_1_953' title='bbox 389 5277 492 5331; x_wconf 88' lang='lat' dir='ltr'><strong>sincera</strong></span> <span class='ocrx_word' id='word_1_954' title='bbox 507 5279 667 5332; x_wconf 84' lang='lat' dir='ltr'><strong>documenta</strong></span> <span class='ocrx_word' id='word_1_955' title='bbox 679 5277 777 5332; x_wconf 79' lang='lat' dir='ltr'><strong>aduris·</strong></span> <span class='ocrx_word' id='word_1_956' title='bbox 789 5277 838 5334; x_wconf 84' lang='lat' dir='ltr'><strong>lau</strong></span> <span class='ocrx_word' id='word_1_957' title='bbox 853 5280 921 5334; x_wconf 83' lang='lat' dir='ltr'><strong>hco-</strong></span> 
     </span>
     <span class='ocr_line' id='line_1_72' title="bbox 129 5347 919 5418; baseline 0.001 -15"><span class='ocrx_word' id='word_1_958' title='bbox 129 5348 172 5403; x_wconf 89' lang='lat' dir='ltr'><strong>nis</strong></span> <span class='ocrx_word' id='word_1_959' title='bbox 183 5349 293 5416; x_wconf 86' lang='lat' dir='ltr'><strong>epistola</strong></span> <span class='ocrx_word' id='word_1_960' title='bbox 308 5360 406 5402; x_wconf 73' lang='lat' dir='ltr'><strong>nostrae</strong></span> <span class='ocrx_word' id='word_1_961' title='bbox 420 5347 545 5402; x_wconf 86' lang='lat' dir='ltr'><strong>editionis</strong></span> <span class='ocrx_word' id='word_1_962' title='bbox 558 5348 592 5402; x_wconf 69' lang='lat' dir='ltr'><strong>la</strong></span> <span class='ocrx_word' id='word_1_963' title='bbox 607 5347 641 5401; x_wconf 83' lang='lat' dir='ltr'><strong>ad</strong></span> <span class='ocrx_word' id='word_1_964' title='bbox 656 5348 772 5412; x_wconf 78' lang='lat' dir='ltr'><strong>Mauros,</strong></span> <span class='ocrx_word' id='word_1_965' title='bbox 786 5366 865 5418; x_wconf 84' lang='lat' dir='ltr'><strong>qiiarn</strong></span> <span class='ocrx_word' id='word_1_966' title='bbox 885 5351 919 5405; x_wconf 87' lang='lat' dir='ltr'><strong>ab</strong></span> 
     </span>
     <span class='ocr_line' id='line_1_73' title="bbox 128 5418 918 5488; baseline 0.004 -16"><span class='ocrx_word' id='word_1_967' title='bbox 128 5421 202 5473; x_wconf 83' lang='lat' dir='ltr'><strong>omui</strong></span> <span class='ocrx_word' id='word_1_968' title='bbox 223 5418 412 5486; x_wconf 76' lang='lat' dir='ltr'><strong>suppositionis</strong></span> <span class='ocrx_word' id='word_1_969' title='bbox 427 5428 475 5472; x_wconf 87' lang='lat' dir='ltr'><strong>aut</strong></span> <span class='ocrx_word' id='word_1_970' title='bbox 488 5419 700 5488; x_wconf 74' lang='lat' dir='ltr'><strong>interpolationis</strong></span> <span class='ocrx_word' id='word_1_971' title='bbox 720 5431 782 5472; x_wconf 89' lang='lat' dir='ltr'><strong>nota</strong></span> <span class='ocrx_word' id='word_1_972' title='bbox 799 5419 918 5475; x_wconf 79' lang='lat' dir='ltr'><strong>sindica·</strong></span> 
     </span>
     <span class='ocr_line' id='line_1_74' title="bbox 128 5502 225 5542; baseline 0 0"><span class='ocrx_word' id='word_1_973' title='bbox 128 5502 225 5542; x_wconf 83' lang='lat' dir='ltr'><strong>rtmris</strong></span> 
     </span>
    </p>

    <p class='ocr_par' dir='ltr' id='par_1_6' title="bbox 129 5557 918 5696">
     <span class='ocr_line' id='line_1_75' title="bbox 163 5557 918 5630; baseline 0.008 -21"><span class='ocrx_word' id='word_1_974' title='bbox 163 5558 200 5629; x_wconf 80' lang='lat' dir='ltr'><strong>(e)</strong></span> <span class='ocrx_word' id='word_1_975' title='bbox 220 5558 302 5620; x_wconf 74' lang='lat' dir='ltr'><strong>hait,</strong></span> <span class='ocrx_word' id='word_1_976' title='bbox 319 5557 366 5612; x_wconf 88' lang='lat' dir='ltr'><strong>sed</strong></span> <span class='ocrx_word' id='word_1_977' title='bbox 381 5573 434 5611; x_wconf 90' lang='lat' dir='ltr'><strong>nnn</strong></span> <span class='ocrx_word' id='word_1_978' title='bbox 447 5569 507 5628; x_wconf 87' lang='lat' dir='ltr'><strong>apte</strong></span> <span class='ocrx_word' id='word_1_979' title='bbox 519 5558 654 5628; x_wconf 76' lang='lat' dir='ltr'><strong>probarit,</strong></span> <span class='ocrx_word' id='word_1_980' title='bbox 671 5571 700 5614; x_wconf 91' lang='lat' dir='ltr'><strong>nt</strong></span> <span class='ocrx_word' id='word_1_981' title='bbox 715 5562 816 5630; x_wconf 80' lang='lat' dir='ltr'><strong>patehit</strong></span> <span class='ocrx_word' id='word_1_982' title='bbox 826 5577 857 5615; x_wconf 80' lang='lat' dir='ltr'><strong>cx</strong></span> <span class='ocrx_word' id='word_1_983' title='bbox 870 5562 918 5615; x_wconf 77' lang='lat' dir='ltr'><strong>iili·</strong></span> 
     </span>
     <span class='ocr_line' id='line_1_76' title="bbox 129 5628 854 5696; baseline 0.001 -14"><span class='ocrx_word' id='word_1_984' title='bbox 129 5641 217 5692; x_wconf 63' lang='lat' dir='ltr'><strong>serv„</strong></span> <span class='ocrx_word' id='word_1_985' title='bbox 232 5646 291 5696; x_wconf 83' lang='lat' dir='ltr'><strong>cap.</strong></span> <span class='ocrx_word' id='word_1_986' title='bbox 306 5628 333 5681; x_wconf 71' lang='lat'><strong>2.</strong></span> <span class='ocrx_word' id='word_1_987' title='bbox 844 5628 854 5648; x_wconf 83' lang='lat'><em>&#39;</em></span> 
     </span>
    </p>

    <p class='ocr_par' dir='ltr' id='par_1_7' title="bbox 165 5699 917 5768">
     <span class='ocr_line' id='line_1_77' title="bbox 165 5699 917 5768; baseline 0.004 -18"><span class='ocrx_word' id='word_1_988' title='bbox 165 5700 205 5756; x_wconf 82' lang='lat' dir='ltr'><strong>ldl</strong></span> <span class='ocrx_word' id='word_1_989' title='bbox 225 5700 321 5751; x_wconf 85' lang='lat' dir='ltr'><strong>insistit</strong></span> <span class='ocrx_word' id='word_1_990' title='bbox 333 5699 488 5764; x_wconf 78' lang='lat' dir='ltr'><strong>liypotliosi,</strong></span> <span class='ocrx_word' id='word_1_991' title='bbox 505 5701 646 5768; x_wconf 78' lang='lat' dir='ltr'><strong>uuamjam</strong></span> <span class='ocrx_word' id='word_1_992' title='bbox 666 5702 824 5763; x_wconf 77' lang='lat' dir='ltr'><strong>resciturus,</strong></span> <span class='ocrx_word' id='word_1_993' title='bbox 836 5703 917 5755; x_wconf 63' lang='lat' dir='ltr'><strong>‹ansle-</strong></span> 
     </span>
    </p>
   </div>
   <div class='ocr_carea' id='block_1_5' title="bbox 970 5141 1767 5764">
    <p class='ocr_par' dir='ltr' id='par_1_8' title="bbox 972 5141 1766 5337">
     <span class='ocr_line' id='line_1_78' title="bbox 972 5141 1766 5206; baseline 0.006 -12"><span class='ocrx_word' id='word_1_994' title='bbox 972 5142 1089 5195; x_wconf 88' lang='lat' dir='ltr'><strong>ctionem</strong></span> <span class='ocrx_word' id='word_1_995' title='bbox 1101 5154 1234 5195; x_wconf 86' lang='lat' dir='ltr'><strong>canonum</strong></span> <span class='ocrx_word' id='word_1_996' title='bbox 1256 5141 1306 5195; x_wconf 91' lang='lat' dir='ltr'><strong>hoc</strong></span> <span class='ocrx_word' id='word_1_997' title='bbox 1319 5151 1394 5195; x_wconf 87' lang='lat' dir='ltr'><strong>tomo</strong></span> <span class='ocrx_word' id='word_1_998' title='bbox 1405 5141 1436 5195; x_wconf 88' lang='lat' dir='ltr'><strong>ed</strong></span> <span class='ocrx_word' id='word_1_999' title='bbox 1450 5152 1521 5206; x_wconf 87' lang='lat' dir='ltr'><strong>tam,</strong></span> <span class='ocrx_word' id='word_1_1000' title='bbox 1545 5143 1627 5197; x_wconf 89' lang='lat' dir='ltr'><strong>luisse</strong></span> <span class='ocrx_word' id='word_1_1001' title='bbox 1640 5142 1766 5199; x_wconf 87' lang='lat' dir='ltr'><strong>Codirem</strong></span> 
     </span>
     <span class='ocr_line' id='line_1_79' title="bbox 973 5210 1764 5283; baseline 0.008 -21"><span class='ocrx_word' id='word_1_1002' title='bbox 973 5210 1098 5265; x_wconf 78' lang='lat' dir='ltr'><strong>lloruauce</strong></span> <span class='ocrx_word' id='word_1_1003' title='bbox 1115 5210 1251 5265; x_wconf 66' lang='lat' dir='ltr'><strong>Ecclesiae.</strong></span> <span class='ocrx_word' id='word_1_1004' title='bbox 1268 5215 1387 5267; x_wconf 72' lang='lat' dir='ltr'><strong>tlarlente</strong></span> <span class='ocrx_word' id='word_1_1005' title='bbox 1408 5227 1498 5266; x_wconf 88' lang='lat' dir='ltr'><strong>autem</strong></span> <span class='ocrx_word' id='word_1_1006' title='bbox 1523 5213 1684 5283; x_wconf 78' lang='lat' dir='ltr'><strong>hypothesi,</strong></span> <span class='ocrx_word' id='word_1_1007' title='bbox 1710 5225 1764 5270; x_wconf 85' lang='lat' dir='ltr'><strong>toti</strong></span> 
     </span>
     <span class='ocr_line' id='line_1_80' title="bbox 973 5279 1337 5337; baseline 0.014 -5"><span class='ocrx_word' id='word_1_1008' title='bbox 973 5279 1030 5333; x_wconf 77' lang='lat' dir='ltr'><strong>huc</strong></span> <span class='ocrx_word' id='word_1_1009' title='bbox 1044 5282 1212 5335; x_wconf 82' lang='lat' dir='ltr'><strong>ratiocinatio</strong></span> <span class='ocrx_word' id='word_1_1010' title='bbox 1223 5283 1337 5337; x_wconf 88' lang='lat' dir='ltr'><strong>corruit.</strong></span> 
     </span>
    </p>

    <p class='ocr_par' dir='ltr' id='par_1_9' title="bbox 970 5352 1767 5764">
     <span class='ocr_line' id='line_1_81' title="bbox 1008 5352 1767 5422; baseline 0.005 -19"><span class='ocrx_word' id='word_1_1011' title='bbox 1008 5352 1043 5422; x_wconf 86' lang='lat' dir='ltr'><strong>(e)</strong></span> <span class='ocrx_word' id='word_1_1012' title='bbox 1054 5353 1211 5420; x_wconf 79' lang='lat' dir='ltr'><strong>Quesnellus</strong></span> <span class='ocrx_word' id='word_1_1013' title='bbox 1222 5368 1256 5405; x_wconf 91' lang='lat' dir='ltr'><strong>nc</strong></span> <span class='ocrx_word' id='word_1_1014' title='bbox 1270 5352 1396 5406; x_wconf 78' lang='lat' dir='ltr'><strong>tintinna</strong></span> <span class='ocrx_word' id='word_1_1015' title='bbox 1412 5352 1537 5408; x_wconf 71' lang='lat' dir='ltr'><strong>Ecclesiae</strong></span> <span class='ocrx_word' id='word_1_1016' title='bbox 1548 5353 1670 5408; x_wconf 87' lang='lat' dir='ltr'><strong>rideatur</strong></span> <span class='ocrx_word' id='word_1_1017' title='bbox 1681 5353 1767 5408; x_wconf 83' lang='lat' dir='ltr'><strong>inicu-</strong></span> 
     </span>
     <span class='ocr_line' id='line_1_82' title="bbox 971 5422 1767 5491; baseline 0.004 -14"><span class='ocrx_word' id='word_1_1018' title='bbox 971 5438 1033 5486; x_wconf 87' lang='lat' dir='ltr'><strong>sus,</strong></span> <span class='ocrx_word' id='word_1_1019' title='bbox 1049 5425 1136 5477; x_wconf 83' lang='lat' dir='ltr'><strong>edem</strong></span> <span class='ocrx_word' id='word_1_1020' title='bbox 1162 5437 1212 5477; x_wconf 86' lang='lat' dir='ltr'><strong>cim</strong></span> <span class='ocrx_word' id='word_1_1021' title='bbox 1227 5423 1383 5477; x_wconf 85' lang='lat' dir='ltr'><strong>nm··tinsoni</strong></span> <span class='ocrx_word' id='word_1_1022' title='bbox 1410 5423 1484 5491; x_wconf 81' lang='lat' dir='ltr'><strong>lingit</strong></span> <span class='ocrx_word' id='word_1_1023' title='bbox 1495 5424 1536 5490; x_wconf 91' lang='lat' dir='ltr'><strong>epi</strong></span> <span class='ocrx_word' id='word_1_1024' title='bbox 1554 5426 1634 5477; x_wconf 86' lang='lat' dir='ltr'><strong>tolaui</strong></span> <span class='ocrx_word' id='word_1_1025' title='bbox 1655 5422 1767 5491; x_wconf 87' lang='lat' dir='ltr'><strong>Siricii,</strong></span> 
     </span>
     <span class='ocr_line' id='line_1_83' title="bbox 970 5491 1767 5563; baseline 0.003 -16"><span class='ocrx_word' id='word_1_1026' title='bbox 970 5508 1050 5563; x_wconf 78' lang='lat' dir='ltr'><strong>qoam</strong></span> <span class='ocrx_word' id='word_1_1027' title='bbox 1065 5491 1116 5547; x_wconf 90' lang='lat' dir='ltr'><strong>soli</strong></span> <span class='ocrx_word' id='word_1_1028' title='bbox 1137 5492 1294 5547; x_wconf 79' lang='lat' dir='ltr'><strong>heterodoxi</strong></span> <span class='ocrx_word' id='word_1_1029' title='bbox 1308 5493 1342 5547; x_wconf 90' lang='lat' dir='ltr'><strong>ad</strong></span> <span class='ocrx_word' id='word_1_1030' title='bbox 1358 5509 1467 5561; x_wconf 85' lang='lat' dir='ltr'><strong>pravum</strong></span> <span class='ocrx_word' id='word_1_1031' title='bbox 1482 5506 1528 5547; x_wconf 90' lang='lat' dir='ltr'><strong>ant</strong></span> <span class='ocrx_word' id='word_1_1032' title='bbox 1543 5494 1690 5548; x_wconf 77' lang='lat' dir='ltr'><strong>lnctltnrem</strong></span> <span class='ocrx_word' id='word_1_1033' title='bbox 1705 5510 1767 5550; x_wconf 88' lang='lat' dir='ltr'><strong>sen·</strong></span> 
     </span>
     <span class='ocr_line' id='line_1_84' title="bbox 971 5562 1767 5635; baseline 0.004 -17"><span class='ocrx_word' id='word_1_1034' title='bbox 971 5578 1031 5618; x_wconf 91' lang='lat' dir='ltr'><strong>sum</strong></span> <span class='ocrx_word' id='word_1_1035' title='bbox 1048 5566 1216 5633; x_wconf 85' lang='lat' dir='ltr'><strong>interpretari</strong></span> <span class='ocrx_word' id='word_1_1036' title='bbox 1230 5574 1343 5633; x_wconf 80' lang='lat' dir='ltr'><strong>queunt.</strong></span> <span class='ocrx_word' id='word_1_1037' title='bbox 1364 5562 1477 5617; x_wconf 79' lang='lat' dir='ltr'><strong>Obviam</strong></span> <span class='ocrx_word' id='word_1_1038' title='bbox 1498 5566 1558 5632; x_wconf 77' lang='lat' dir='ltr'><strong>ejus</strong></span> <span class='ocrx_word' id='word_1_1039' title='bbox 1580 5580 1701 5631; x_wconf 78' lang='lat' dir='ltr'><strong>sensum,</strong></span> <span class='ocrx_word' id='word_1_1040' title='bbox 1721 5564 1767 5635; x_wconf 77' lang='lat' dir='ltr'><strong>atti</strong></span> 
     </span>
     <span class='ocr_line' id='line_1_85' title="bbox 973 5633 1767 5758; baseline 0.006 -71"><span class='ocrx_word' id='word_1_1041' title='bbox 973 5650 989 5687; x_wconf 91' lang='lat' dir='ltr'><strong>n</strong></span> <span class='ocrx_word' id='word_1_1042' title='bbox 1002 5635 1036 5688; x_wconf 82' lang='lat' dir='ltr'><strong>tiit</strong></span> <span class='ocrx_word' id='word_1_1043' title='bbox 1046 5634 1184 5758; x_wconf 47' lang='lat' dir='ltr'><strong>repiissios</strong></span> <span class='ocrx_word' id='word_1_1044' title='bbox 1196 5633 1327 5706; x_wconf 74' lang='lat' dir='ltr'><strong>indulget,</strong></span> <span class='ocrx_word' id='word_1_1045' title='bbox 1340 5634 1532 5707; x_wconf 83' lang='lat' dir='ltr'><strong>explicabimus</strong></span> <span class='ocrx_word' id='word_1_1046' title='bbox 1543 5635 1569 5689; x_wconf 91' lang='lat' dir='ltr'><strong>in</strong></span> <span class='ocrx_word' id='word_1_1047' title='bbox 1578 5638 1767 5705; x_wconf 81' lang='lat' dir='ltr'><strong>observ.,cap.</strong></span> 
     </span>
     <span class='ocr_line' id='line_1_86' title="bbox 974 5708 1097 5764; baseline -0.016 -5"><span class='ocrx_word' id='word_1_1048' title='bbox 974 5708 1007 5764; x_wconf 74' lang='lat' dir='ltr'><strong>i,</strong></span> <span class='ocrx_word' id='word_1_1049' title='bbox 1028 5720 1055 5758; x_wconf 88' lang='grc' dir='ltr'><strong>ιι.</strong></span> <span class='ocrx_word' id='word_1_1050' title='bbox 1090 5742 1097 5757; x_wconf 89' lang='grc'><strong>.</strong></span> 
     </span>
    </p>
   </div>
   <div class='ocr_carea' id='block_1_6' title="bbox 0 0 2009 6164">
    <p class='ocr_par' dir='ltr' id='par_1_10' title="bbox 0 0 2009 6164">
     <span class='ocr_line' id='line_1_87' title="bbox 0 0 2009 6164; baseline 0 0"><span class='ocrx_word' id='word_1_1051' title='bbox 0 0 2009 6164; x_wconf 95' lang='lat' dir='ltr'><strong> </strong></span> 
     </span>
    </p>
   </div>
  </div>
 </body>
</html>
