<?xml version="1.0" encoding="UTF-8"?>
<!DOCTYPE html PUBLIC "-//W3C//DTD XHTML 1.0 Transitional//EN"
    "http://www.w3.org/TR/xhtml1/DTD/xhtml1-transitional.dtd">
<html xmlns="http://www.w3.org/1999/xhtml" xml:lang="en" lang="en">
 <head>
  <title>
</title>
<meta http-equiv="Content-Type" content="text/html;charset=utf-8" />
  <meta name='ocr-system' content='tesseract 3.04.00' />
  <meta name='ocr-capabilities' content='ocr_page ocr_carea ocr_par ocr_line ocrx_word'/>
</head>
<body>
  <div class='ocr_page' id='page_1' title='image "./patrologiaecurs181unkngoog_0535.png"; bbox 0 0 4000 6175; ppageno 0'>
   <div class='ocr_carea' id='block_1_1' title="bbox 152 241 1780 311">
    <p class='ocr_par' dir='ltr' id='par_1_1' title="bbox 152 241 1780 311">
     <span class='ocr_line' id='line_1_1' title="bbox 152 241 1780 311; baseline 0.002 -10"><span class='ocrx_word' id='word_1_1' title='bbox 152 243 220 301; x_wconf 81' lang='lat' dir='ltr'>lost</span> <span class='ocrx_word' id='word_1_2' title='bbox 347 243 502 300; x_wconf 81' lang='lat' dir='ltr'>olsssllt.</span> <span class='ocrx_word' id='word_1_3' title='bbox 523 241 805 311; x_wconf 65' lang='lat' dir='ltr'>xtl‘Qtssn&#39;sLtt.</span> <span class='ocrx_word' id='word_1_4' title='bbox 826 243 870 302; x_wconf 83' lang='lat' dir='ltr'>DE</span> <span class='ocrx_word' id='word_1_5' title='bbox 893 243 984 302; x_wconf 73' lang='lat' dir='ltr'>alost</span> <span class='ocrx_word' id='word_1_6' title='bbox 1006 243 1162 301; x_wconf 77' lang='lat' dir='ltr'>stanteis</span> <span class='ocrx_word' id='word_1_7' title='bbox 1184 245 1217 301; x_wconf 71' lang='grc' dir='ltr'>ΙΝ</span> <span class='ocrx_word' id='word_1_8' title='bbox 1235 244 1359 302; x_wconf 82' lang='lat' dir='ltr'>CODiCE</span> <span class='ocrx_word' id='word_1_9' title='bbox 1379 244 1582 303; x_wconf 69' lang='lat' dir='ltr'>CONTEleS.</span> <span class='ocrx_word' id='word_1_10' title='bbox 1711 249 1780 305; x_wconf 76' lang='lat' dir='ltr'>lost</span> 
     </span>
    </p>
   </div>
   <div class='ocr_carea' id='block_1_2' title="bbox 150 339 1794 1818">
    <p class='ocr_par' dir='ltr' id='par_1_2' title="bbox 150 339 1794 1818">
     <span class='ocr_line' id='line_1_2' title="bbox 151 339 1793 412; baseline 0.007 -16"><span class='ocrx_word' id='word_1_11' title='bbox 151 357 229 397; x_wconf 73' lang='lat' dir='ltr'>etiarn</span> <span class='ocrx_word' id='word_1_12' title='bbox 249 353 271 397; x_wconf 88' lang='lat' dir='ltr'>tt</span> <span class='ocrx_word' id='word_1_13' title='bbox 290 343 464 410; x_wconf 81' lang='lat' dir='ltr'>eriprnscripto</span> <span class='ocrx_word' id='word_1_14' title='bbox 482 355 608 394; x_wconf 86' lang='lat' dir='ltr'>renonum</span> <span class='ocrx_word' id='word_1_15' title='bbox 628 339 742 410; x_wconf 82' lang='lat' dir='ltr'>capitulo</span> <span class='ocrx_word' id='word_1_16' title='bbox 762 347 903 393; x_wconf 83' lang='lat' dir='ltr'>statuerunt</span> <span class='ocrx_word' id='word_1_17' title='bbox 920 340 946 391; x_wconf 85' lang='grc' dir='ltr'>ιιι</span> <span class='ocrx_word' id='word_1_18' title='bbox 961 341 984 400; x_wconf 77' lang='grc' dir='ltr'><strong>Α</strong></span> <span class='ocrx_word' id='word_1_19' title='bbox 1000 342 1108 396; x_wconf 77' lang='lat' dir='ltr'>occasio</span> <span class='ocrx_word' id='word_1_20' title='bbox 1124 350 1185 396; x_wconf 90' lang='lat' dir='ltr'>nata</span> <span class='ocrx_word' id='word_1_21' title='bbox 1201 354 1240 396; x_wconf 89' lang='lat' dir='ltr'>est</span> <span class='ocrx_word' id='word_1_22' title='bbox 1261 344 1347 398; x_wconf 92' lang='lat' dir='ltr'>locum</span> <span class='ocrx_word' id='word_1_23' title='bbox 1367 343 1429 399; x_wconf 90' lang='lat' dir='ltr'>liuic</span> <span class='ocrx_word' id='word_1_24' title='bbox 1446 345 1536 401; x_wconf 85' lang='lat' dir='ltr'>l&#39;liello</span> <span class='ocrx_word' id='word_1_25' title='bbox 1550 348 1629 404; x_wconf 87' lang='lat' dir='ltr'>dandi</span> <span class='ocrx_word' id='word_1_26' title='bbox 1648 351 1716 407; x_wconf 80' lang='lat' dir='ltr'>inter</span> <span class='ocrx_word' id='word_1_27' title='bbox 1734 371 1793 412; x_wconf 82' lang='lat' dir='ltr'>scr·</span> 
     </span>
     <span class='ocr_line' id='line_1_3' title="bbox 152 410 1792 492; baseline 0.008 -24"><span class='ocrx_word' id='word_1_28' title='bbox 152 415 262 468; x_wconf 82' lang='lat' dir='ltr'>coneilio</span> <span class='ocrx_word' id='word_1_29' title='bbox 273 413 417 468; x_wconf 76' lang='lat' dir='ltr'><em>Toletano:</em></span> <span class='ocrx_word' id='word_1_30' title='bbox 432 421 506 481; x_wconf 86' lang='lat' dir='ltr'>putat</span> <span class='ocrx_word' id='word_1_31' title='bbox 520 410 595 466; x_wconf 87' lang='lat' dir='ltr'>eard.</span> <span class='ocrx_word' id='word_1_32' title='bbox 612 411 742 464; x_wconf 88' lang='lat' dir='ltr'>Darutrius</span> <span class='ocrx_word' id='word_1_33' title='bbox 756 410 788 463; x_wconf 92' lang='lat' dir='ltr'>ad</span> <span class='ocrx_word' id='word_1_34' title='bbox 802 411 945 477; x_wconf 91' lang='lat' dir='ltr'>episcopos</span> <span class='ocrx_word' id='word_1_35' title='bbox 1000 425 1094 465; x_wconf 82' lang='lat' dir='ltr'>tirones</span> <span class='ocrx_word' id='word_1_36' title='bbox 1115 411 1193 480; x_wconf 80' lang='lat' dir='ltr'>ltitjiis</span> <span class='ocrx_word' id='word_1_37' title='bbox 1211 415 1297 469; x_wconf 85' lang='lat' dir='ltr'>saneti</span> <span class='ocrx_word' id='word_1_38' title='bbox 1314 414 1434 470; x_wconf 90' lang='lat' dir='ltr'>doctoris</span> <span class='ocrx_word' id='word_1_39' title='bbox 1453 417 1489 470; x_wconf 86' lang='lat' dir='ltr'>illi</span> <span class='ocrx_word' id='word_1_40' title='bbox 1505 419 1579 473; x_wconf 80' lang='lat' dir='ltr'>leriae</span> <span class='ocrx_word' id='word_1_41' title='bbox 1598 419 1615 473; x_wconf 80' lang='grc'>5</span> <span class='ocrx_word' id='word_1_42' title='bbox 1633 437 1676 476; x_wconf 83' lang='lat' dir='ltr'>ass</span> <span class='ocrx_word' id='word_1_43' title='bbox 1688 438 1792 492; x_wconf 80' lang='lat' dir='ltr'>girante.</span> 
     </span>
     <span class='ocr_line' id='line_1_4' title="bbox 151 479 1791 564; baseline 0.006 -26"><span class='ocrx_word' id='word_1_44' title='bbox 151 485 257 538; x_wconf 83' lang='lat' dir='ltr'>concilii</span> <span class='ocrx_word' id='word_1_45' title='bbox 282 498 290 536; x_wconf 93' lang='grc' dir='ltr'>ι</span> <span class='ocrx_word' id='word_1_46' title='bbox 311 483 433 537; x_wconf 88' lang='lat' dir='ltr'>&#39;foletaui</span> <span class='ocrx_word' id='word_1_47' title='bbox 457 480 625 536; x_wconf 77' lang='lat' dir='ltr'>referendam</span> <span class='ocrx_word' id='word_1_48' title='bbox 649 494 721 546; x_wconf 84' lang='lat' dir='ltr'>esse,</span> <span class='ocrx_word' id='word_1_49' title='bbox 747 480 869 550; x_wconf 85' lang='lat' dir='ltr'>roaleque</span> <span class='ocrx_word' id='word_1_50' title='bbox 893 485 945 534; x_wconf 89' lang='lat' dir='ltr'>truc</span> <span class='ocrx_word' id='word_1_51' title='bbox 999 479 1073 535; x_wconf 86' lang='lat' dir='ltr'>lianc</span> <span class='ocrx_word' id='word_1_52' title='bbox 1088 483 1269 552; x_wconf 81' lang='lat' dir='ltr'>conjecturam</span> <span class='ocrx_word' id='word_1_53' title='bbox 1282 485 1308 539; x_wconf 91' lang='lat' dir='ltr'>in</span> <span class='ocrx_word' id='word_1_54' title='bbox 1325 485 1441 540; x_wconf 89' lang='lat' dir='ltr'>medium</span> <span class='ocrx_word' id='word_1_55' title='bbox 1458 488 1572 554; x_wconf 80' lang='lat' dir='ltr'>adduco,</span> <span class='ocrx_word' id='word_1_56' title='bbox 1586 495 1712 559; x_wconf 84' lang='lat' dir='ltr'>qitoiriarn</span> <span class='ocrx_word' id='word_1_57' title='bbox 1728 499 1791 564; x_wconf 77' lang='lat' dir='ltr'>iptio</span> 
     </span>
     <span class='ocr_line' id='line_1_5' title="bbox 150 549 1794 620; baseline 0.005 -12"><span class='ocrx_word' id='word_1_58' title='bbox 150 557 307 609; x_wconf 71' lang='lat' dir='ltr'>translatam</span> <span class='ocrx_word' id='word_1_59' title='bbox 326 553 362 607; x_wconf 89' lang='lat' dir='ltr'>ab</span> <span class='ocrx_word' id='word_1_60' title='bbox 381 555 504 620; x_wconf 88' lang='lat' dir='ltr'>imperito</span> <span class='ocrx_word' id='word_1_61' title='bbox 518 550 616 606; x_wconf 85' lang='lat' dir='ltr'>scriba.</span> <span class='ocrx_word' id='word_1_62' title='bbox 629 549 682 604; x_wconf 89' lang='lat' dir='ltr'>Sed</span> <span class='ocrx_word' id='word_1_63' title='bbox 694 549 757 620; x_wconf 82' lang='lat' dir='ltr'>quid</span> <span class='ocrx_word' id='word_1_64' title='bbox 773 557 845 604; x_wconf 80' lang='lat' dir='ltr'>vetat</span> <span class='ocrx_word' id='word_1_65' title='bbox 857 565 889 605; x_wconf 90' lang='lat' dir='ltr'>ea</span> <span class='ocrx_word' id='word_1_66' title='bbox 904 551 946 605; x_wconf 91' lang='lat' dir='ltr'>in·</span> <span class='ocrx_word' id='word_1_67' title='bbox 998 552 1094 607; x_wconf 90' lang='lat' dir='ltr'>melitis</span> <span class='ocrx_word' id='word_1_68' title='bbox 1105 552 1190 607; x_wconf 91' lang='lat' dir='ltr'>dicam</span> <span class='ocrx_word' id='word_1_69' title='bbox 1205 555 1284 609; x_wconf 86' lang='lat' dir='ltr'>inoilo</span> <span class='ocrx_word' id='word_1_70' title='bbox 1298 555 1388 610; x_wconf 88' lang='lat' dir='ltr'>animo</span> <span class='ocrx_word' id='word_1_71' title='bbox 1399 572 1451 611; x_wconf 87' lang='lat' dir='ltr'>rien</span> <span class='ocrx_word' id='word_1_72' title='bbox 1466 562 1592 614; x_wconf 89' lang='lat' dir='ltr'>ucrirrril.</span> <span class='ocrx_word' id='word_1_73' title='bbox 1608 559 1686 617; x_wconf 92' lang='lat' dir='ltr'>Plura</span> <span class='ocrx_word' id='word_1_74' title='bbox 1702 574 1729 619; x_wconf 90' lang='lat' dir='ltr'>et</span> <span class='ocrx_word' id='word_1_75' title='bbox 1743 567 1794 620; x_wconf 83' lang='lat' dir='ltr'>ilo-</span> 
     </span>
     <span class='ocr_line' id='line_1_6' title="bbox 152 620 1793 694; baseline 0.006 -15"><span class='ocrx_word' id='word_1_76' title='bbox 152 625 234 688; x_wconf 85' lang='lat' dir='ltr'>tetligi</span> <span class='ocrx_word' id='word_1_77' title='bbox 248 626 282 677; x_wconf 90' lang='lat' dir='ltr'>de</span> <span class='ocrx_word' id='word_1_78' title='bbox 301 625 434 691; x_wconf 86' lang='lat' dir='ltr'>episcopis</span> <span class='ocrx_word' id='word_1_79' title='bbox 453 621 551 677; x_wconf 78' lang='lat' dir='ltr'><strong>Leonis</strong></span> <span class='ocrx_word' id='word_1_80' title='bbox 563 630 684 686; x_wconf 88' lang='lat' dir='ltr'>tempore</span> <span class='ocrx_word' id='word_1_81' title='bbox 703 621 881 690; x_wconf 86' lang='lat' dir='ltr'>congregatis,</span> <span class='ocrx_word' id='word_1_82' title='bbox 900 620 945 690; x_wconf 88' lang='lat' dir='ltr'>tprl</span> <span class='ocrx_word' id='word_1_83' title='bbox 997 622 1119 676; x_wconf 65' lang='lat' dir='ltr'>ctissiino</span> <span class='ocrx_word' id='word_1_84' title='bbox 1130 624 1188 677; x_wconf 85' lang='lat' dir='ltr'>niro</span> <span class='ocrx_word' id='word_1_85' title='bbox 1198 625 1277 694; x_wconf 86' lang='lat' dir='ltr'>iligna</span> <span class='ocrx_word' id='word_1_86' title='bbox 1289 629 1518 694; x_wconf 82' lang='lat' dir='ltr'>exspectaumsde</span> <span class='ocrx_word' id='word_1_87' title='bbox 1534 630 1584 685; x_wconf 93' lang='lat' dir='ltr'>lroe</span> <span class='ocrx_word' id='word_1_88' title='bbox 1598 631 1688 688; x_wconf 85' lang='lat' dir='ltr'>liltello</span> <span class='ocrx_word' id='word_1_89' title='bbox 1698 650 1713 688; x_wconf 88' lang='lat' dir='ltr'>a</span> <span class='ocrx_word' id='word_1_90' title='bbox 1725 634 1793 692; x_wconf 74' lang='lat' dir='ltr'>lie.</span> 
     </span>
     <span class='ocr_line' id='line_1_7' title="bbox 150 690 1792 771; baseline 0.007 -22"><span class='ocrx_word' id='word_1_91' title='bbox 150 704 251 749; x_wconf 82' lang='lat' dir='ltr'>statuta</span> <span class='ocrx_word' id='word_1_92' title='bbox 264 695 329 748; x_wconf 90' lang='lat' dir='ltr'>olim</span> <span class='ocrx_word' id='word_1_93' title='bbox 348 709 363 747; x_wconf 89' lang='lat' dir='ltr'>a</span> <span class='ocrx_word' id='word_1_94' title='bbox 381 694 485 764; x_wconf 85' lang='lat' dir='ltr'>synodo</span> <span class='ocrx_word' id='word_1_95' title='bbox 506 691 589 762; x_wconf 78' lang='lat' dir='ltr'>priori</span> <span class='ocrx_word' id='word_1_96' title='bbox 611 690 730 755; x_wconf 87' lang='lat' dir='ltr'>decreta,</span> <span class='ocrx_word' id='word_1_97' title='bbox 750 694 783 744; x_wconf 89' lang='lat' dir='ltr'>de</span> <span class='ocrx_word' id='word_1_98' title='bbox 803 706 872 745; x_wconf 85' lang='lat' dir='ltr'>nitro</span> <span class='ocrx_word' id='word_1_99' title='bbox 890 700 944 746; x_wconf 89' lang='lat' dir='ltr'>sta·</span> <span class='ocrx_word' id='word_1_100' title='bbox 996 691 1096 746; x_wconf 89' lang='lat' dir='ltr'>donino</span> <span class='ocrx_word' id='word_1_101' title='bbox 1115 693 1259 749; x_wconf 81' lang='lat' dir='ltr'>Fratieisco</span> <span class='ocrx_word' id='word_1_102' title='bbox 1280 695 1384 761; x_wconf 89' lang='lat' dir='ltr'>Dellau,</span> <span class='ocrx_word' id='word_1_103' title='bbox 1404 710 1494 753; x_wconf 87' lang='lat' dir='ltr'>asceta</span> <span class='ocrx_word' id='word_1_104' title='bbox 1520 699 1703 771; x_wconf 74' lang='lat' dir='ltr'>liciiedictino,</span> <span class='ocrx_word' id='word_1_105' title='bbox 1720 704 1745 759; x_wconf 88' lang='lat' dir='ltr'>iti</span> <span class='ocrx_word' id='word_1_106' title='bbox 1760 723 1792 762; x_wconf 86' lang='lat' dir='ltr'>ea</span> 
     </span>
     <span class='ocr_line' id='line_1_8' title="bbox 151 760 1793 848; baseline 0.01 -30"><span class='ocrx_word' id='word_1_107' title='bbox 151 767 263 821; x_wconf 90' lang='lat' dir='ltr'>tuerint.</span> <span class='ocrx_word' id='word_1_108' title='bbox 284 764 317 818; x_wconf 91' lang='lat' dir='ltr'>ad</span> <span class='ocrx_word' id='word_1_109' title='bbox 340 764 366 817; x_wconf 91' lang='lat' dir='ltr'>id</span> <span class='ocrx_word' id='word_1_110' title='bbox 388 764 539 831; x_wconf 71' lang='lat' dir='ltr'>corruptela</span> <span class='ocrx_word' id='word_1_111' title='bbox 561 762 589 815; x_wconf 94' lang='lat' dir='ltr'>in</span> <span class='ocrx_word' id='word_1_112' title='bbox 612 775 702 815; x_wconf 89' lang='lat' dir='ltr'>mores</span> <span class='ocrx_word' id='word_1_113' title='bbox 724 772 752 815; x_wconf 90' lang='lat' dir='ltr'>et</span> <span class='ocrx_word' id='word_1_114' title='bbox 774 760 943 831; x_wconf 85' lang='lat' dir='ltr'>discip&#39;inam</span> <span class='ocrx_word' id='word_1_115' title='bbox 996 776 1076 831; x_wconf 87' lang='lat' dir='ltr'>qnam</span> <span class='ocrx_word' id='word_1_116' title='bbox 1097 778 1158 817; x_wconf 92' lang='lat' dir='ltr'>curn</span> <span class='ocrx_word' id='word_1_117' title='bbox 1183 766 1239 819; x_wconf 86' lang='lat' dir='ltr'>suis</span> <span class='ocrx_word' id='word_1_118' title='bbox 1262 765 1523 823; x_wconf 78' lang='lat' dir='ltr'>San-Gerinaoens‘s</span> <span class='ocrx_word' id='word_1_119' title='bbox 1544 773 1659 828; x_wconf 85' lang='lat' dir='ltr'>coetiobi</span> <span class='ocrx_word' id='word_1_120' title='bbox 1681 776 1793 848; x_wconf 74' lang='lat' dir='ltr'>collegis</span> 
     </span>
     <span class='ocr_line' id='line_1_9' title="bbox 151 827 1587 904; baseline 0.003 -14"><span class='ocrx_word' id='word_1_121' title='bbox 151 836 225 890; x_wconf 90' lang='lat' dir='ltr'>illius</span> <span class='ocrx_word' id='word_1_122' title='bbox 239 836 368 903; x_wconf 91' lang='lat' dir='ltr'>temporis</span> <span class='ocrx_word' id='word_1_123' title='bbox 381 833 486 889; x_wconf 86' lang='lat' dir='ltr'>inrecta</span> <span class='ocrx_word' id='word_1_124' title='bbox 500 832 628 888; x_wconf 84' lang='lat' dir='ltr'>adductii</span> <span class='ocrx_word' id='word_1_125' title='bbox 645 827 726 886; x_wconf 86' lang='lat' dir='ltr'>Certe</span> <span class='ocrx_word' id='word_1_126' title='bbox 742 845 792 885; x_wconf 88' lang='lat' dir='ltr'>uec</span> <span class='ocrx_word' id='word_1_127' title='bbox 814 846 878 886; x_wconf 89' lang='lat' dir='ltr'>mss.</span> <span class='ocrx_word' id='word_1_128' title='bbox 897 847 945 887; x_wconf 90' lang='lat' dir='ltr'>co·</span> <span class='ocrx_word' id='word_1_129' title='bbox 996 833 1119 894; x_wconf 82' lang='lat' dir='ltr'>adornat,</span> <span class='ocrx_word' id='word_1_130' title='bbox 1134 849 1243 904; x_wconf 90' lang='lat' dir='ltr'>opernm</span> <span class='ocrx_word' id='word_1_131' title='bbox 1256 834 1284 891; x_wconf 85' lang='lat' dir='ltr'>S.</span> <span class='ocrx_word' id='word_1_132' title='bbox 1300 838 1441 904; x_wconf 86' lang='lat' dir='ltr'>Attgustiui</span> <span class='ocrx_word' id='word_1_133' title='bbox 1456 840 1587 895; x_wconf 87' lang='lat' dir='ltr'>editione.</span> 
     </span>
     <span class='ocr_line' id='line_1_10' title="bbox 151 901 1794 979; baseline 0.005 -17"><span class='ocrx_word' id='word_1_134' title='bbox 151 906 240 962; x_wconf 89' lang='lat' dir='ltr'>dicum</span> <span class='ocrx_word' id='word_1_135' title='bbox 252 918 401 960; x_wconf 85' lang='lat' dir='ltr'>consensus</span> <span class='ocrx_word' id='word_1_136' title='bbox 410 919 441 960; x_wconf 86' lang='lat' dir='ltr'>ea</span> <span class='ocrx_word' id='word_1_137' title='bbox 454 902 609 971; x_wconf 88' lang='lat' dir='ltr'>subreptitia</span> <span class='ocrx_word' id='word_1_138' title='bbox 624 902 696 956; x_wconf 91' lang='lat' dir='ltr'>credi</span> <span class='ocrx_word' id='word_1_139' title='bbox 708 901 782 964; x_wconf 90' lang='lat' dir='ltr'>sinit,</span> <span class='ocrx_word' id='word_1_140' title='bbox 797 916 882 971; x_wconf 79' lang='lat' dir='ltr'>neque</span> <span class='ocrx_word' id='word_1_141' title='bbox 894 903 944 957; x_wconf 92' lang='lat' dir='ltr'>isla</span> <span class='ocrx_word' id='word_1_142' title='bbox 1014 925 1018 934; x_wconf 88' lang='lat'>.</span> <span class='ocrx_word' id='word_1_143' title='bbox 1033 903 1077 958; x_wconf 89' lang='lat' dir='ltr'>tx.</span> <span class='ocrx_word' id='word_1_144' title='bbox 1090 901 1216 960; x_wconf 79' lang='lat' dir='ltr'>l&#39;ornrnln</span> <span class='ocrx_word' id='word_1_145' title='bbox 1228 906 1307 961; x_wconf 73' lang='lat' dir='ltr'>tilieto</span> <span class='ocrx_word' id='word_1_146' title='bbox 1320 907 1495 976; x_wconf 76' lang='lat' dir='ltr'>fidei-Post</span> <span class='ocrx_word' id='word_1_147' title='bbox 1507 926 1540 979; x_wconf 90' lang='lat' dir='ltr'>cp</span> <span class='ocrx_word' id='word_1_148' title='bbox 1551 912 1647 967; x_wconf 88' lang='lat' dir='ltr'>stolam</span> <span class='ocrx_word' id='word_1_149' title='bbox 1661 914 1691 969; x_wconf 83' lang='lat' dir='ltr'>S.</span> <span class='ocrx_word' id='word_1_150' title='bbox 1708 917 1794 972; x_wconf 85' lang='lat' dir='ltr'>Allia·</span> 
     </span>
     <span class='ocr_line' id='line_1_11' title="bbox 151 970 1793 1052; baseline 0.007 -21"><span class='ocrx_word' id='word_1_151' title='bbox 151 977 233 1032; x_wconf 85' lang='lat' dir='ltr'>rerba</span> <span class='ocrx_word' id='word_1_152' title='bbox 249 993 255 1029; x_wconf 94' lang='lat'><strong>:</strong></span> <span class='ocrx_word' id='word_1_153' title='bbox 269 974 324 1047; x_wconf 89' lang='lat' dir='ltr'>fpsi</span> <span class='ocrx_word' id='word_1_154' title='bbox 335 975 410 1029; x_wconf 88' lang='lat' dir='ltr'>etiarn</span> <span class='ocrx_word' id='word_1_155' title='bbox 425 973 631 1041; x_wconf 72' lang='lat' dir='ltr'>crispitudine,</span> <span class='ocrx_word' id='word_1_156' title='bbox 646 980 711 1037; x_wconf 85' lang='lat' dir='ltr'>etc,</span> <span class='ocrx_word' id='word_1_157' title='bbox 725 973 757 1026; x_wconf 90' lang='lat' dir='ltr'>nd</span> <span class='ocrx_word' id='word_1_158' title='bbox 773 970 839 1025; x_wconf 89' lang='lat' dir='ltr'>alios</span> <span class='ocrx_word' id='word_1_159' title='bbox 850 972 944 1027; x_wconf 90' lang='lat' dir='ltr'>referri</span> <span class='ocrx_word' id='word_1_160' title='bbox 997 973 1065 1026; x_wconf 90' lang='lat' dir='ltr'>nasii</span> <span class='ocrx_word' id='word_1_161' title='bbox 1076 973 1108 1026; x_wconf 91' lang='lat' dir='ltr'>ad</span> <span class='ocrx_word' id='word_1_162' title='bbox 1125 976 1277 1042; x_wconf 77' lang='lat' dir='ltr'>Epictetum</span> <span class='ocrx_word' id='word_1_163' title='bbox 1293 986 1319 1032; x_wconf 92' lang='lat' dir='ltr'>et</span> <span class='ocrx_word' id='word_1_164' title='bbox 1331 981 1444 1033; x_wconf 87' lang='lat' dir='ltr'>alteram</span> <span class='ocrx_word' id='word_1_165' title='bbox 1464 980 1494 1038; x_wconf 87' lang='lat' dir='ltr'>S.</span> <span class='ocrx_word' id='word_1_166' title='bbox 1511 983 1602 1052; x_wconf 71' lang='lat' dir='ltr'>cyrilli</span> <span class='ocrx_word' id='word_1_167' title='bbox 1617 984 1793 1044; x_wconf 82' lang='lat' dir='ltr'>Alexandrini</span> 
     </span>
     <span class='ocr_line' id='line_1_12' title="bbox 150 1040 1793 1120; baseline 0.007 -18"><span class='ocrx_word' id='word_1_168' title='bbox 150 1048 304 1117; x_wconf 89' lang='lat' dir='ltr'>episcopos,</span> <span class='ocrx_word' id='word_1_169' title='bbox 316 1061 394 1112; x_wconf 75' lang='lat' dir='ltr'>quarn</span> <span class='ocrx_word' id='word_1_170' title='bbox 407 1045 452 1114; x_wconf 82' lang='lat' dir='ltr'>qui</span> <span class='ocrx_word' id='word_1_171' title='bbox 464 1045 491 1097; x_wconf 94' lang='lat' dir='ltr'>in</span> <span class='ocrx_word' id='word_1_172' title='bbox 500 1042 594 1098; x_wconf 89' lang='lat' dir='ltr'>eadem</span> <span class='ocrx_word' id='word_1_173' title='bbox 604 1044 748 1111; x_wconf 88' lang='lat' dir='ltr'>epigraplre</span> <span class='ocrx_word' id='word_1_174' title='bbox 760 1043 944 1110; x_wconf 92' lang='lat' dir='ltr'>nominantur,</span> <span class='ocrx_word' id='word_1_175' title='bbox 996 1040 1030 1095; x_wconf 88' lang='lat' dir='ltr'>ad</span> <span class='ocrx_word' id='word_1_176' title='bbox 1042 1042 1171 1099; x_wconf 84' lang='lat' dir='ltr'>ioannem</span> <span class='ocrx_word' id='word_1_177' title='bbox 1188 1046 1395 1111; x_wconf 87' lang='lat' dir='ltr'>Antiocltenurn,</span> <span class='ocrx_word' id='word_1_178' title='bbox 1410 1066 1470 1120; x_wconf 83' lang='lat' dir='ltr'>quac</span> <span class='ocrx_word' id='word_1_179' title='bbox 1484 1066 1543 1119; x_wconf 88' lang='lat' dir='ltr'>cap.</span> <span class='ocrx_word' id='word_1_180' title='bbox 1556 1054 1591 1108; x_wconf 64' lang='grc' dir='ltr'>δὲ</span> <span class='ocrx_word' id='word_1_181' title='bbox 1606 1065 1634 1109; x_wconf 87' lang='lat' dir='ltr'>ct</span> <span class='ocrx_word' id='word_1_182' title='bbox 1645 1056 1680 1111; x_wconf 77' lang='grc'>55</span> <span class='ocrx_word' id='word_1_183' title='bbox 1695 1057 1793 1113; x_wconf 87' lang='lat' dir='ltr'>lialrerr-</span> 
     </span>
     <span class='ocr_line' id='line_1_13' title="bbox 151 1111 1791 1196; baseline 0.013 -33"><span class='ocrx_word' id='word_1_184' title='bbox 151 1130 178 1173; x_wconf 63' lang='lat' dir='ltr'>ei</span> <span class='ocrx_word' id='word_1_185' title='bbox 194 1118 292 1172; x_wconf 70' lang='lat' dir='ltr'>Latinis</span> <span class='ocrx_word' id='word_1_186' title='bbox 306 1130 426 1184; x_wconf 89' lang='lat' dir='ltr'>ternpore</span> <span class='ocrx_word' id='word_1_187' title='bbox 442 1124 635 1169; x_wconf 80' lang='lat' dir='ltr'>convenerant.</span> <span class='ocrx_word' id='word_1_188' title='bbox 658 1112 723 1179; x_wconf 77' lang='lat' dir='ltr'>Qirae</span> <span class='ocrx_word' id='word_1_189' title='bbox 744 1111 766 1166; x_wconf 92' lang='lat' dir='ltr'>si</span> <span class='ocrx_word' id='word_1_190' title='bbox 789 1125 852 1166; x_wconf 87' lang='lat' dir='ltr'>tera</span> <span class='ocrx_word' id='word_1_191' title='bbox 870 1123 942 1179; x_wconf 91' lang='lat' dir='ltr'>sum,</span> <span class='ocrx_word' id='word_1_192' title='bbox 997 1119 1051 1176; x_wconf 90' lang='lat' dir='ltr'>tnr,</span> <span class='ocrx_word' id='word_1_193' title='bbox 1073 1113 1123 1166; x_wconf 90' lang='lat' dir='ltr'>suli</span> <span class='ocrx_word' id='word_1_194' title='bbox 1146 1114 1239 1170; x_wconf 92' lang='lat' dir='ltr'>eodem</span> <span class='ocrx_word' id='word_1_195' title='bbox 1260 1115 1310 1172; x_wconf 92' lang='lat' dir='ltr'>ltoc</span> <span class='ocrx_word' id='word_1_196' title='bbox 1324 1134 1353 1173; x_wconf 90' lang='lat' dir='ltr'>ca</span> <span class='ocrx_word' id='word_1_197' title='bbox 1375 1118 1440 1173; x_wconf 92' lang='lat' dir='ltr'>itulo</span> <span class='ocrx_word' id='word_1_198' title='bbox 1455 1122 1490 1175; x_wconf 81' lang='lat'>55</span> <span class='ocrx_word' id='word_1_199' title='bbox 1509 1123 1543 1177; x_wconf 92' lang='lat' dir='ltr'>ad</span> <span class='ocrx_word' id='word_1_200' title='bbox 1556 1124 1656 1180; x_wconf 79' lang='lat' dir='ltr'>coliem</span> <span class='ocrx_word' id='word_1_201' title='bbox 1674 1126 1725 1196; x_wconf 84' lang='lat' dir='ltr'>legi</span> <span class='ocrx_word' id='word_1_202' title='bbox 1741 1145 1791 1185; x_wconf 85' lang='lat' dir='ltr'>tir:</span> 
     </span>
     <span class='ocr_line' id='line_1_14' title="bbox 151 1133 1792 1261; baseline 0.007 -19"><span class='ocrx_word' id='word_1_203' title='bbox 151 1188 206 1257; x_wconf 81' lang='lat' dir='ltr'>jam</span> <span class='ocrx_word' id='word_1_204' title='bbox 225 1188 260 1243; x_wconf 87' lang='lat' dir='ltr'>de</span> <span class='ocrx_word' id='word_1_205' title='bbox 279 1188 338 1241; x_wconf 92' lang='lat' dir='ltr'>loeo</span> <span class='ocrx_word' id='word_1_206' title='bbox 357 1185 436 1254; x_wconf 80' lang='lat' dir='ltr'>liuius</span> <span class='ocrx_word' id='word_1_207' title='bbox 450 1183 545 1255; x_wconf 80' lang='lat' dir='ltr'>synodi</span> <span class='ocrx_word' id='word_1_208' title='bbox 566 1181 675 1261; x_wconf 76' lang='lat' dir='ltr'>dubium</span> <span class='ocrx_word' id='word_1_209' title='bbox 691 1197 743 1238; x_wconf 91' lang='lat' dir='ltr'>nort</span> <span class='ocrx_word' id='word_1_210' title='bbox 764 1190 847 1236; x_wconf 88' lang='lat' dir='ltr'>restat</span> <span class='ocrx_word' id='word_1_211' title='bbox 861 1198 867 1234; x_wconf 93' lang='lat'><strong>:</strong></span> <span class='ocrx_word' id='word_1_212' title='bbox 883 1197 943 1236; x_wconf 90' lang='lat' dir='ltr'>etim</span> <span class='ocrx_word' id='word_1_213' title='bbox 997 1177 1022 1232; x_wconf 84' lang='lat' dir='ltr'><em>F</em></span> <span class='ocrx_word' id='word_1_214' title='bbox 1024 1185 1125 1236; x_wconf 87' lang='lat' dir='ltr'>ottitnle</span> <span class='ocrx_word' id='word_1_215' title='bbox 1140 1182 1220 1237; x_wconf 82' lang='lat' dir='ltr'>litteltt</span> <span class='ocrx_word' id='word_1_216' title='bbox 1234 1186 1315 1254; x_wconf 73' lang='lat' dir='ltr'>pelei:</span> <span class='ocrx_word' id='word_1_217' title='bbox 1330 1133 1373 1258; x_wconf 51' lang='lat' dir='ltr'>(td)</span> <span class='ocrx_word' id='word_1_218' title='bbox 1384 1205 1462 1258; x_wconf 85' lang='lat' dir='ltr'>quam</span> <span class='ocrx_word' id='word_1_219' title='bbox 1478 1207 1492 1244; x_wconf 92' lang='lat' dir='ltr'>a</span> <span class='ocrx_word' id='word_1_220' title='bbox 1509 1193 1627 1249; x_wconf 88' lang='lat' dir='ltr'>llonrana</span> <span class='ocrx_word' id='word_1_221' title='bbox 1648 1198 1712 1251; x_wconf 89' lang='lat' dir='ltr'>sede</span> <span class='ocrx_word' id='word_1_222' title='bbox 1727 1201 1792 1254; x_wconf 90' lang='lat' dir='ltr'>mis·</span> 
     </span>
     <span class='ocr_line' id='line_1_15' title="bbox 152 1253 1791 1331; baseline 0.007 -20"><span class='ocrx_word' id='word_1_223' title='bbox 152 1267 246 1327; x_wconf 87' lang='lat' dir='ltr'>aperte</span> <span class='ocrx_word' id='word_1_224' title='bbox 265 1256 388 1311; x_wconf 78' lang='lat' dir='ltr'>Toletum</span> <span class='ocrx_word' id='word_1_225' title='bbox 413 1263 590 1324; x_wconf 87' lang='lat' dir='ltr'>congregatos</span> <span class='ocrx_word' id='word_1_226' title='bbox 619 1267 679 1308; x_wconf 89' lang='lat' dir='ltr'>esse</span> <span class='ocrx_word' id='word_1_227' title='bbox 702 1264 837 1321; x_wconf 90' lang='lat' dir='ltr'>postrema</span> <span class='ocrx_word' id='word_1_228' title='bbox 862 1253 942 1306; x_wconf 82' lang='lat' dir='ltr'>rerba</span> <span class='ocrx_word' id='word_1_229' title='bbox 996 1265 1052 1305; x_wconf 88' lang='lat' dir='ltr'>sain</span> <span class='ocrx_word' id='word_1_230' title='bbox 1067 1254 1175 1321; x_wconf 90' lang='lat' dir='ltr'>putoad</span> <span class='ocrx_word' id='word_1_231' title='bbox 1188 1255 1349 1313; x_wconf 87' lang='lat' dir='ltr'>Drieiitales.</span> <span class='ocrx_word' id='word_1_232' title='bbox 1371 1262 1576 1331; x_wconf 79' lang='lat' dir='ltr'>praesertimque</span> <span class='ocrx_word' id='word_1_233' title='bbox 1591 1265 1624 1319; x_wconf 93' lang='lat' dir='ltr'>ad</span> <span class='ocrx_word' id='word_1_234' title='bbox 1638 1266 1791 1323; x_wconf 82' lang='lat' dir='ltr'>Constanti·</span> 
     </span>
     <span class='ocr_line' id='line_1_16' title="bbox 153 1322 1794 1408; baseline 0.007 -26"><span class='ocrx_word' id='word_1_235' title='bbox 153 1336 294 1383; x_wconf 83' lang='lat' dir='ltr'>testentur.</span> <span class='ocrx_word' id='word_1_236' title='bbox 317 1327 354 1379; x_wconf 91' lang='lat' dir='ltr'>De</span> <span class='ocrx_word' id='word_1_237' title='bbox 366 1341 419 1395; x_wconf 79' lang='lat' dir='ltr'>aua</span> <span class='ocrx_word' id='word_1_238' title='bbox 432 1325 535 1395; x_wconf 80' lang='lat' dir='ltr'>synodo</span> <span class='ocrx_word' id='word_1_239' title='bbox 550 1325 625 1393; x_wconf 90' lang='lat' dir='ltr'>plura</span> <span class='ocrx_word' id='word_1_240' title='bbox 638 1323 699 1377; x_wconf 87' lang='lat' dir='ltr'>alibi</span> <span class='ocrx_word' id='word_1_241' title='bbox 717 1326 743 1375; x_wconf 91' lang='lat' dir='ltr'>in</span> <span class='ocrx_word' id='word_1_242' title='bbox 756 1322 826 1377; x_wconf 90' lang='lat' dir='ltr'>irotis</span> <span class='ocrx_word' id='word_1_243' title='bbox 840 1323 873 1377; x_wconf 90' lang='lat' dir='ltr'>ad</span> <span class='ocrx_word' id='word_1_244' title='bbox 888 1323 944 1378; x_wconf 90' lang='lat' dir='ltr'>lau·</span> <span class='ocrx_word' id='word_1_245' title='bbox 996 1325 1178 1391; x_wconf 89' lang='lat' dir='ltr'>tropolitanos.</span> <span class='ocrx_word' id='word_1_246' title='bbox 1192 1325 1263 1380; x_wconf 89' lang='lat' dir='ltr'>istud</span> <span class='ocrx_word' id='word_1_247' title='bbox 1279 1341 1311 1381; x_wconf 84' lang='lat' dir='ltr'>cr</span> <span class='ocrx_word' id='word_1_248' title='bbox 1326 1325 1369 1382; x_wconf 87' lang='lat' dir='ltr'>liis</span> <span class='ocrx_word' id='word_1_249' title='bbox 1381 1326 1463 1384; x_wconf 90' lang='lat' dir='ltr'>libelli</span> <span class='ocrx_word' id='word_1_250' title='bbox 1479 1334 1567 1388; x_wconf 86' lang='lat' dir='ltr'>verbis</span> <span class='ocrx_word' id='word_1_251' title='bbox 1581 1335 1696 1403; x_wconf 85' lang='lat' dir='ltr'>conjicio</span> <span class='ocrx_word' id='word_1_252' title='bbox 1710 1355 1717 1392; x_wconf 76' lang='grc' dir='ltr'><strong>ε</strong></span> <span class='ocrx_word' id='word_1_253' title='bbox 1730 1339 1794 1408; x_wconf 78' lang='lat' dir='ltr'>Epi·</span> 
     </span>
     <span class='ocr_line' id='line_1_17' title="bbox 151 1392 1794 1473; baseline 0.007 -21"><span class='ocrx_word' id='word_1_254' title='bbox 151 1400 242 1453; x_wconf 90' lang='lat' dir='ltr'>datam</span> <span class='ocrx_word' id='word_1_255' title='bbox 255 1397 352 1451; x_wconf 81' lang='lat' dir='ltr'>Leonis</span> <span class='ocrx_word' id='word_1_256' title='bbox 366 1397 505 1465; x_wconf 87' lang='lat' dir='ltr'>epistolam</span> <span class='ocrx_word' id='word_1_257' title='bbox 521 1395 553 1450; x_wconf 78' lang='lat' dir='ltr'>ts</span> <span class='ocrx_word' id='word_1_258' title='bbox 567 1394 601 1447; x_wconf 87' lang='lat' dir='ltr'>ad</span> <span class='ocrx_word' id='word_1_259' title='bbox 613 1393 778 1448; x_wconf 83' lang='lat' dir='ltr'>fttrribium.</span> <span class='ocrx_word' id='word_1_260' title='bbox 995 1397 1061 1447; x_wconf 85' lang='lat' dir='ltr'>stola</span> <span class='ocrx_word' id='word_1_261' title='bbox 1080 1392 1115 1447; x_wconf 86' lang='lat' dir='ltr'>ad</span> <span class='ocrx_word' id='word_1_262' title='bbox 1129 1407 1224 1449; x_wconf 83' lang='lat' dir='ltr'>sancita</span> <span class='ocrx_word' id='word_1_263' title='bbox 1241 1398 1372 1451; x_wconf 74' lang='lat' dir='ltr'>retentoria</span> <span class='ocrx_word' id='word_1_264' title='bbox 1386 1395 1540 1455; x_wconf 77' lang='lat' dir='ltr'>Flauianum</span> <span class='ocrx_word' id='word_1_265' title='bbox 1559 1403 1794 1473; x_wconf 84' lang='lat' dir='ltr'>Constantinopoli·</span> 
     </span>
     <span class='ocr_line' id='line_1_18' title="bbox 188 1462 1794 1542; baseline 0.007 -20"><span class='ocrx_word' id='word_1_266' title='bbox 188 1469 316 1537; x_wconf 77' lang='lat' dir='ltr'>stipere-t</span> <span class='ocrx_word' id='word_1_267' title='bbox 331 1475 360 1520; x_wconf 90' lang='lat' dir='ltr'>ut</span> <span class='ocrx_word' id='word_1_268' title='bbox 377 1469 411 1520; x_wconf 92' lang='lat' dir='ltr'>de</span> <span class='ocrx_word' id='word_1_269' title='bbox 428 1464 529 1529; x_wconf 90' lang='lat' dir='ltr'>libello,</span> <span class='ocrx_word' id='word_1_270' title='bbox 553 1463 688 1533; x_wconf 85' lang='lat' dir='ltr'>qtiomotio</span> <span class='ocrx_word' id='word_1_271' title='bbox 708 1462 780 1532; x_wconf 86' lang='lat' dir='ltr'>jacet</span> <span class='ocrx_word' id='word_1_272' title='bbox 799 1462 869 1516; x_wconf 86' lang='lat' dir='ltr'>inter</span> <span class='ocrx_word' id='word_1_273' title='bbox 887 1478 944 1518; x_wconf 91' lang='lat' dir='ltr'>scr·</span> <span class='ocrx_word' id='word_1_274' title='bbox 995 1473 1062 1517; x_wconf 77' lang='lat' dir='ltr'>tatic</span> <span class='ocrx_word' id='word_1_275' title='bbox 1083 1464 1153 1517; x_wconf 85' lang='lat' dir='ltr'>urbis</span> <span class='ocrx_word' id='word_1_276' title='bbox 1167 1466 1315 1537; x_wconf 85' lang='lat' dir='ltr'>episcopum</span> <span class='ocrx_word' id='word_1_277' title='bbox 1338 1477 1465 1524; x_wconf 89' lang='lat' dir='ltr'>nostruin.</span> <span class='ocrx_word' id='word_1_278' title='bbox 1486 1472 1552 1527; x_wconf 92' lang='lat' dir='ltr'>llluil</span> <span class='ocrx_word' id='word_1_279' title='bbox 1577 1476 1671 1542; x_wconf 88' lang='lat' dir='ltr'>probat</span> <span class='ocrx_word' id='word_1_280' title='bbox 1693 1480 1794 1534; x_wconf 80' lang='lat' dir='ltr'>ructatio</span> 
     </span>
     <span class='ocr_line' id='line_1_19' title="bbox 152 1533 1793 1606; baseline 0.007 -15"><span class='ocrx_word' id='word_1_281' title='bbox 152 1553 249 1593; x_wconf 89' lang='lat' dir='ltr'>mones</span> <span class='ocrx_word' id='word_1_282' title='bbox 267 1540 296 1590; x_wconf 71' lang='lat' dir='ltr'>S.</span> <span class='ocrx_word' id='word_1_283' title='bbox 315 1536 465 1606; x_wconf 72' lang='lat' dir='ltr'>augistini,</span> <span class='ocrx_word' id='word_1_284' title='bbox 479 1535 577 1604; x_wconf 83' lang='lat' dir='ltr'>aliquid</span> <span class='ocrx_word' id='word_1_285' title='bbox 597 1533 728 1588; x_wconf 86' lang='lat' dir='ltr'>dicamus.</span> <span class='ocrx_word' id='word_1_286' title='bbox 746 1535 810 1602; x_wconf 75' lang='lat' dir='ltr'>Ejus</span> <span class='ocrx_word' id='word_1_287' title='bbox 826 1535 944 1600; x_wconf 88' lang='lat' dir='ltr'>iuterpo·</span> <span class='ocrx_word' id='word_1_288' title='bbox 995 1533 1207 1588; x_wconf 87' lang='lat' dir='ltr'>confirmationis</span> <span class='ocrx_word' id='word_1_289' title='bbox 1226 1536 1376 1592; x_wconf 87' lang='lat' dir='ltr'>definitioni</span> <span class='ocrx_word' id='word_1_290' title='bbox 1397 1537 1610 1598; x_wconf 79' lang='lat' dir='ltr'>chalcedonensi</span> <span class='ocrx_word' id='word_1_291' title='bbox 1632 1546 1700 1601; x_wconf 80' lang='lat' dir='ltr'>uita</span> <span class='ocrx_word' id='word_1_292' title='bbox 1723 1564 1736 1600; x_wconf 90' lang='lat' dir='ltr'>a</span> <span class='ocrx_word' id='word_1_293' title='bbox 1761 1551 1793 1604; x_wconf 81' lang='lat' dir='ltr'>S.</span> 
     </span>
     <span class='ocr_line' id='line_1_20' title="bbox 151 1603 1793 1683; baseline 0.006 -20"><span class='ocrx_word' id='word_1_294' title='bbox 151 1609 280 1663; x_wconf 86' lang='lat' dir='ltr'>lationem</span> <span class='ocrx_word' id='word_1_295' title='bbox 292 1611 415 1675; x_wconf 85' lang='lat' dir='ltr'>superius</span> <span class='ocrx_word' id='word_1_296' title='bbox 427 1605 516 1659; x_wconf 86' lang='lat' dir='ltr'>notari</span> <span class='ocrx_word' id='word_1_297' title='bbox 531 1622 537 1655; x_wconf 76' lang='grc' dir='ltr'><strong>ε</strong></span> <span class='ocrx_word' id='word_1_298' title='bbox 554 1604 606 1658; x_wconf 90' lang='lat' dir='ltr'>lioc</span> <span class='ocrx_word' id='word_1_299' title='bbox 621 1618 692 1658; x_wconf 91' lang='lat' dir='ltr'>nnnc</span> <span class='ocrx_word' id='word_1_300' title='bbox 704 1606 832 1668; x_wconf 80' lang='lat' dir='ltr'>observo,</span> <span class='ocrx_word' id='word_1_301' title='bbox 850 1603 942 1672; x_wconf 83' lang='lat' dir='ltr'>rigittti</span> <span class='ocrx_word' id='word_1_302' title='bbox 995 1603 1097 1668; x_wconf 88' lang='lat' dir='ltr'>Leone,</span> <span class='ocrx_word' id='word_1_303' title='bbox 1113 1614 1139 1658; x_wconf 90' lang='lat' dir='ltr'>et</span> <span class='ocrx_word' id='word_1_304' title='bbox 1153 1605 1274 1670; x_wconf 78' lang='lat' dir='ltr'>eitrsdcui</span> <span class='ocrx_word' id='word_1_305' title='bbox 1289 1607 1321 1662; x_wconf 91' lang='lat' dir='ltr'>ad</span> <span class='ocrx_word' id='word_1_306' title='bbox 1339 1607 1494 1667; x_wconf 80' lang='lat' dir='ltr'>Flauianum</span> <span class='ocrx_word' id='word_1_307' title='bbox 1506 1613 1639 1683; x_wconf 79' lang='lat' dir='ltr'>epistolae.</span> <span class='ocrx_word' id='word_1_308' title='bbox 1652 1616 1718 1671; x_wconf 82' lang='lat' dir='ltr'>Tota</span> <span class='ocrx_word' id='word_1_309' title='bbox 1734 1617 1793 1674; x_wconf 78' lang='lat' dir='ltr'>liae</span> 
     </span>
     <span class='ocr_line' id='line_1_21' title="bbox 152 1673 1791 1751; baseline 0.006 -19"><span class='ocrx_word' id='word_1_310' title='bbox 152 1694 201 1733; x_wconf 83' lang='lat' dir='ltr'>sex</span> <span class='ocrx_word' id='word_1_311' title='bbox 223 1678 461 1732; x_wconf 86' lang='lat' dir='ltr'>anatliematistnos</span> <span class='ocrx_word' id='word_1_312' title='bbox 482 1676 508 1728; x_wconf 92' lang='lat' dir='ltr'>in</span> <span class='ocrx_word' id='word_1_313' title='bbox 530 1689 566 1751; x_wconf 86' lang='lat' dir='ltr'>eo</span> <span class='ocrx_word' id='word_1_314' title='bbox 582 1674 644 1743; x_wconf 89' lang='lat' dir='ltr'>legi,</span> <span class='ocrx_word' id='word_1_315' title='bbox 665 1689 778 1745; x_wconf 85' lang='lat' dir='ltr'>qnorum</span> <span class='ocrx_word' id='word_1_316' title='bbox 799 1673 942 1729; x_wconf 81' lang='lat' dir='ltr'>duodecim</span> <span class='ocrx_word' id='word_1_317' title='bbox 997 1675 1109 1728; x_wconf 91' lang='lat' dir='ltr'>formula</span> <span class='ocrx_word' id='word_1_318' title='bbox 1122 1674 1244 1730; x_wconf 88' lang='lat' dir='ltr'>confecta</span> <span class='ocrx_word' id='word_1_319' title='bbox 1259 1685 1300 1731; x_wconf 89' lang='lat' dir='ltr'>est</span> <span class='ocrx_word' id='word_1_320' title='bbox 1315 1691 1347 1732; x_wconf 90' lang='lat' dir='ltr'>etr</span> <span class='ocrx_word' id='word_1_321' title='bbox 1360 1679 1791 1751; x_wconf 70' lang='lat' dir='ltr'>932partedeftoitiotusllltal·</span> 
     </span>
     <span class='ocr_line' id='line_1_22' title="bbox 152 1744 1789 1818; baseline 0.007 -15"><span class='ocrx_word' id='word_1_322' title='bbox 152 1751 259 1818; x_wconf 87' lang='lat' dir='ltr'>priores</span> <span class='ocrx_word' id='word_1_323' title='bbox 280 1749 359 1803; x_wconf 86' lang='lat' dir='ltr'>iiilem</span> <span class='ocrx_word' id='word_1_324' title='bbox 375 1755 437 1799; x_wconf 88' lang='lat' dir='ltr'>sum</span> <span class='ocrx_word' id='word_1_325' title='bbox 448 1745 503 1813; x_wconf 81' lang='lat' dir='ltr'>&#39;oui</span> <span class='ocrx_word' id='word_1_326' title='bbox 522 1754 550 1800; x_wconf 91' lang='lat' dir='ltr'>et</span> <span class='ocrx_word' id='word_1_327' title='bbox 569 1744 596 1799; x_wconf 92' lang='lat' dir='ltr'>in</span> <span class='ocrx_word' id='word_1_328' title='bbox 617 1755 710 1799; x_wconf 90' lang='lat' dir='ltr'>nostro</span> <span class='ocrx_word' id='word_1_329' title='bbox 730 1744 823 1798; x_wconf 90' lang='lat' dir='ltr'>codice</span> <span class='ocrx_word' id='word_1_330' title='bbox 843 1746 943 1811; x_wconf 81' lang='lat' dir='ltr'>jocerii,</span> <span class='ocrx_word' id='word_1_331' title='bbox 996 1744 1168 1808; x_wconf 85' lang='lat' dir='ltr'>ecdoricnsis,</span> <span class='ocrx_word' id='word_1_332' title='bbox 1182 1761 1241 1815; x_wconf 84' lang='lat' dir='ltr'>qirc</span> <span class='ocrx_word' id='word_1_333' title='bbox 1257 1745 1291 1800; x_wconf 90' lang='lat' dir='ltr'>ab</span> <span class='ocrx_word' id='word_1_334' title='bbox 1303 1748 1364 1801; x_wconf 80' lang='lat' dir='ltr'>aliis</span> <span class='ocrx_word' id='word_1_335' title='bbox 1379 1766 1426 1816; x_wconf 89' lang='lat' dir='ltr'>pro</span> <span class='ocrx_word' id='word_1_336' title='bbox 1440 1753 1524 1806; x_wconf 88' lang='lat' dir='ltr'>altera</span> <span class='ocrx_word' id='word_1_337' title='bbox 1537 1753 1694 1812; x_wconf 85' lang='lat' dir='ltr'>defrititionc</span> <span class='ocrx_word' id='word_1_338' title='bbox 1705 1758 1789 1815; x_wconf 88' lang='lat' dir='ltr'>lrabe-</span> 
     </span>
    </p>
   </div>
   <div class='ocr_carea' id='block_1_3' title="bbox 149 1814 946 2940">
    <p class='ocr_par' dir='ltr' id='par_1_3' title="bbox 149 1814 946 2869">
     <span class='ocr_line' id='line_1_23' title="bbox 152 1814 943 1888; baseline -0.005 -16"><span class='ocrx_word' id='word_1_339' title='bbox 152 1834 275 1888; x_wconf 86' lang='lat' dir='ltr'>tprostpie</span> <span class='ocrx_word' id='word_1_340' title='bbox 286 1834 348 1872; x_wconf 88' lang='lat' dir='ltr'>rere</span> <span class='ocrx_word' id='word_1_341' title='bbox 359 1818 566 1884; x_wconf 86' lang='lat' dir='ltr'>Aitgrtstinianos</span> <span class='ocrx_word' id='word_1_342' title='bbox 579 1825 657 1883; x_wconf 90' lang='lat' dir='ltr'>puto;</span> <span class='ocrx_word' id='word_1_343' title='bbox 666 1815 732 1867; x_wconf 89' lang='lat' dir='ltr'>alios</span> <span class='ocrx_word' id='word_1_344' title='bbox 742 1814 943 1883; x_wconf 87' lang='lat' dir='ltr'>qiiatuurdecim</span> 
     </span>
     <span class='ocr_line' id='line_1_24' title="bbox 152 1885 942 1948; baseline -0.004 -5"><span class='ocrx_word' id='word_1_345' title='bbox 152 1903 203 1943; x_wconf 90' lang='lat' dir='ltr'>nee</span> <span class='ocrx_word' id='word_1_346' title='bbox 221 1888 356 1943; x_wconf 81' lang='lat' dir='ltr'>inColice</span> <span class='ocrx_word' id='word_1_347' title='bbox 372 1888 493 1940; x_wconf 86' lang='lat' dir='ltr'>llimraoo</span> <span class='ocrx_word' id='word_1_348' title='bbox 508 1886 610 1948; x_wconf 88' lang='lat' dir='ltr'>baberi,</span> <span class='ocrx_word' id='word_1_349' title='bbox 628 1900 677 1940; x_wconf 90' lang='lat' dir='ltr'>nec</span> <span class='ocrx_word' id='word_1_350' title='bbox 690 1885 716 1939; x_wconf 92' lang='lat' dir='ltr'>in</span> <span class='ocrx_word' id='word_1_351' title='bbox 733 1885 847 1939; x_wconf 81' lang='lat' dir='ltr'>coire-ilio</span> <span class='ocrx_word' id='word_1_352' title='bbox 863 1885 942 1940; x_wconf 84' lang='lat' dir='ltr'>&#39;litle-</span> 
     </span>
     <span class='ocr_line' id='line_1_25' title="bbox 153 1954 943 2027; baseline -0.004 -15"><span class='ocrx_word' id='word_1_353' title='bbox 153 1971 228 2016; x_wconf 88' lang='lat' dir='ltr'>tatto.</span> <span class='ocrx_word' id='word_1_354' title='bbox 253 1959 384 2027; x_wconf 53' lang='lat' dir='ltr'>Descripli</span> <span class='ocrx_word' id='word_1_355' title='bbox 405 1967 466 2010; x_wconf 90' lang='lat' dir='ltr'>sunt</span> <span class='ocrx_word' id='word_1_356' title='bbox 486 1971 561 2020; x_wconf 86' lang='lat' dir='ltr'>nero,</span> <span class='ocrx_word' id='word_1_357' title='bbox 578 1964 606 2009; x_wconf 90' lang='lat' dir='ltr'>et</span> <span class='ocrx_word' id='word_1_358' title='bbox 626 1955 686 2009; x_wconf 92' lang='lat' dir='ltr'>liuic</span> <span class='ocrx_word' id='word_1_359' title='bbox 700 1954 791 2009; x_wconf 90' lang='lat' dir='ltr'>libello</span> <span class='ocrx_word' id='word_1_360' title='bbox 812 1957 895 2009; x_wconf 87' lang='lat' dir='ltr'>assuti</span> <span class='ocrx_word' id='word_1_361' title='bbox 912 1971 943 2009; x_wconf 84' lang='lat' dir='ltr'>cx</span> 
     </span>
     <span class='ocr_line' id='line_1_26' title="bbox 151 2025 945 2096; baseline -0.005 -12"><span class='ocrx_word' id='word_1_362' title='bbox 151 2030 323 2084; x_wconf 80' lang='lat' dir='ltr'>confi-ssione</span> <span class='ocrx_word' id='word_1_363' title='bbox 337 2032 394 2083; x_wconf 86' lang='lat' dir='ltr'>fidel</span> <span class='ocrx_word' id='word_1_364' title='bbox 410 2026 547 2081; x_wconf 81' lang='lat' dir='ltr'>catholicae</span> <span class='ocrx_word' id='word_1_365' title='bbox 557 2040 636 2096; x_wconf 84' lang='lat' dir='ltr'>qtiarn</span> <span class='ocrx_word' id='word_1_366' title='bbox 651 2025 780 2080; x_wconf 84' lang='lat' dir='ltr'>Damasus</span> <span class='ocrx_word' id='word_1_367' title='bbox 792 2040 860 2094; x_wconf 91' lang='lat' dir='ltr'>papa</span> <span class='ocrx_word' id='word_1_368' title='bbox 873 2027 945 2080; x_wconf 81' lang='lat' dir='ltr'>irrisit</span> 
     </span>
     <span class='ocr_line' id='line_1_27' title="bbox 150 2097 945 2165; baseline -0.005 -12"><span class='ocrx_word' id='word_1_369' title='bbox 150 2100 187 2154; x_wconf 85' lang='lat' dir='ltr'>ad</span> <span class='ocrx_word' id='word_1_370' title='bbox 215 2101 353 2154; x_wconf 86' lang='lat' dir='ltr'>Paulinum</span> <span class='ocrx_word' id='word_1_371' title='bbox 381 2098 579 2153; x_wconf 80' lang='lat' dir='ltr'>Antiochenam</span> <span class='ocrx_word' id='word_1_372' title='bbox 607 2097 781 2165; x_wconf 86' lang='lat' dir='ltr'>episcopum,</span> <span class='ocrx_word' id='word_1_373' title='bbox 811 2109 945 2164; x_wconf 86' lang='lat' dir='ltr'>quamque</span> 
     </span>
     <span class='ocr_line' id='line_1_28' title="bbox 151 2164 945 2235; baseline -0.004 -12"><span class='ocrx_word' id='word_1_374' title='bbox 151 2169 239 2224; x_wconf 84' lang='lat' dir='ltr'>habes</span> <span class='ocrx_word' id='word_1_375' title='bbox 253 2170 279 2224; x_wconf 93' lang='lat' dir='ltr'>in</span> <span class='ocrx_word' id='word_1_376' title='bbox 291 2170 497 2224; x_wconf 78' lang='lat' dir='ltr'>Codicc&#39;uostro</span> <span class='ocrx_word' id='word_1_377' title='bbox 511 2167 633 2222; x_wconf 84' lang='lat' dir='ltr'>Romano</span> <span class='ocrx_word' id='word_1_378' title='bbox 647 2181 706 2235; x_wconf 86' lang='lat' dir='ltr'>pag.</span> <span class='ocrx_word' id='word_1_379' title='bbox 727 2164 792 2220; x_wconf 77' lang='lat' dir='ltr'>stt.</span> <span class='ocrx_word' id='word_1_380' title='bbox 806 2168 846 2220; x_wconf 88' lang='lat' dir='ltr'>An</span> <span class='ocrx_word' id='word_1_381' title='bbox 861 2166 945 2220; x_wconf 81' lang='lat' dir='ltr'>aliru-</span> 
     </span>
     <span class='ocr_line' id='line_1_29' title="bbox 152 2235 945 2308; baseline -0.004 -13"><span class='ocrx_word' id='word_1_382' title='bbox 152 2239 195 2295; x_wconf 85' lang='lat' dir='ltr'>’us</span> <span class='ocrx_word' id='word_1_383' title='bbox 207 2239 301 2308; x_wconf 78' lang='lat' dir='ltr'>syriodi</span> <span class='ocrx_word' id='word_1_384' title='bbox 316 2239 475 2294; x_wconf 88' lang='lat' dir='ltr'>auctoritate</span> <span class='ocrx_word' id='word_1_385' title='bbox 490 2238 525 2291; x_wconf 90' lang='lat' dir='ltr'>ita</span> <span class='ocrx_word' id='word_1_386' title='bbox 538 2237 565 2291; x_wconf 92' lang='lat' dir='ltr'>in</span> <span class='ocrx_word' id='word_1_387' title='bbox 580 2250 662 2290; x_wconf 91' lang='lat' dir='ltr'>unum</span> <span class='ocrx_word' id='word_1_388' title='bbox 676 2236 808 2303; x_wconf 89' lang='lat' dir='ltr'>compacti</span> <span class='ocrx_word' id='word_1_389' title='bbox 824 2238 877 2290; x_wconf 88' lang='lat' dir='ltr'>siut</span> <span class='ocrx_word' id='word_1_390' title='bbox 890 2235 945 2292; x_wconf 92' lang='lat' dir='ltr'>duo</span> 
     </span>
     <span class='ocr_line' id='line_1_30' title="bbox 166 2305 945 2381; baseline -0.001 -18"><span class='ocrx_word' id='word_1_391' title='bbox 166 2312 251 2376; x_wconf 87' lang='lat' dir='ltr'>ibelli,</span> <span class='ocrx_word' id='word_1_392' title='bbox 269 2326 302 2365; x_wconf 93' lang='lat' dir='ltr'>an</span> <span class='ocrx_word' id='word_1_393' title='bbox 318 2308 426 2381; x_wconf 90' lang='lat' dir='ltr'>proprio</span> <span class='ocrx_word' id='word_1_394' title='bbox 435 2307 549 2363; x_wconf 90' lang='lat' dir='ltr'>studiosi</span> <span class='ocrx_word' id='word_1_395' title='bbox 565 2306 676 2376; x_wconf 81' lang='lat' dir='ltr'>alicujus</span> <span class='ocrx_word' id='word_1_396' title='bbox 690 2305 814 2375; x_wconf 69' lang='lat' dir='ltr'>ingenim</span> <span class='ocrx_word' id='word_1_397' title='bbox 834 2321 945 2374; x_wconf 86' lang='lat' dir='ltr'>prorsus</span> 
     </span>
     <span class='ocr_line' id='line_1_31' title="bbox 150 2375 945 2450; baseline -0.005 -14"><span class='ocrx_word' id='word_1_398' title='bbox 150 2380 267 2450; x_wconf 81' lang='lat' dir='ltr'>ignoro:</span> <span class='ocrx_word' id='word_1_399' title='bbox 283 2380 347 2436; x_wconf 94' lang='lat' dir='ltr'>illud</span> <span class='ocrx_word' id='word_1_400' title='bbox 362 2396 415 2435; x_wconf 92' lang='lat' dir='ltr'>uon</span> <span class='ocrx_word' id='word_1_401' title='bbox 425 2378 536 2432; x_wconf 92' lang='lat' dir='ltr'>oinrtino</span> <span class='ocrx_word' id='word_1_402' title='bbox 550 2375 736 2446; x_wconf 87' lang='lat' dir='ltr'>improbabile.</span> <span class='ocrx_word' id='word_1_403' title='bbox 748 2375 882 2430; x_wconf 78' lang='lat' dir='ltr'>Caeterum</span> <span class='ocrx_word' id='word_1_404' title='bbox 894 2377 945 2433; x_wconf 85' lang='lat' dir='ltr'>lioe</span> 
     </span>
     <span class='ocr_line' id='line_1_32' title="bbox 150 2446 945 2518; baseline -0.003 -14"><span class='ocrx_word' id='word_1_405' title='bbox 150 2466 263 2518; x_wconf 88' lang='lat' dir='ltr'>moneo,</span> <span class='ocrx_word' id='word_1_406' title='bbox 278 2453 343 2505; x_wconf 89' lang='lat' dir='ltr'>istos</span> <span class='ocrx_word' id='word_1_407' title='bbox 360 2448 466 2504; x_wconf 84' lang='lat' dir='ltr'>Dantssi</span> <span class='ocrx_word' id='word_1_408' title='bbox 487 2447 539 2501; x_wconf 90' lang='lat' dir='ltr'>PP.</span> <span class='ocrx_word' id='word_1_409' title='bbox 558 2446 798 2502; x_wconf 83' lang='lat' dir='ltr'>anarncmatisnios</span> <span class='ocrx_word' id='word_1_410' title='bbox 811 2447 945 2503; x_wconf 70' lang='lat' dir='ltr'>nonnullis</span> 
     </span>
     <span class='ocr_line' id='line_1_33' title="bbox 150 2516 945 2590; baseline -0.005 -14"><span class='ocrx_word' id='word_1_411' title='bbox 150 2520 406 2590; x_wconf 83' lang='lat' dir='ltr'>interpolationibus</span> <span class='ocrx_word' id='word_1_412' title='bbox 427 2523 549 2572; x_wconf 83' lang='lat' dir='ltr'>laborare</span> <span class='ocrx_word' id='word_1_413' title='bbox 570 2516 639 2585; x_wconf 90' lang='lat' dir='ltr'>apud</span> <span class='ocrx_word' id='word_1_414' title='bbox 662 2520 851 2583; x_wconf 68' lang='lat' dir='ltr'>Apenninum,</span> <span class='ocrx_word' id='word_1_415' title='bbox 875 2516 945 2574; x_wconf 85' lang='lat' dir='ltr'>infer</span> 
     </span>
     <span class='ocr_line' id='line_1_34' title="bbox 149 2586 946 2653; baseline -0.004 -8"><span class='ocrx_word' id='word_1_416' title='bbox 149 2605 220 2653; x_wconf 87' lang='lat' dir='ltr'>uuas</span> <span class='ocrx_word' id='word_1_417' title='bbox 236 2593 341 2645; x_wconf 91' lang='lat' dir='ltr'>unicam</span> <span class='ocrx_word' id='word_1_418' title='bbox 357 2592 472 2645; x_wconf 88' lang='lat' dir='ltr'>obscrro</span> <span class='ocrx_word' id='word_1_419' title='bbox 491 2605 497 2640; x_wconf 93' lang='lat'>:</span> <span class='ocrx_word' id='word_1_420' title='bbox 516 2587 559 2643; x_wconf 92' lang='lat' dir='ltr'>ubi</span> <span class='ocrx_word' id='word_1_421' title='bbox 572 2586 695 2641; x_wconf 82' lang='lat' dir='ltr'>videlieet</span> <span class='ocrx_word' id='word_1_422' title='bbox 707 2588 733 2640; x_wconf 92' lang='lat' dir='ltr'>in</span> <span class='ocrx_word' id='word_1_423' title='bbox 749 2599 840 2641; x_wconf 91' lang='lat' dir='ltr'>nostro</span> <span class='ocrx_word' id='word_1_424' title='bbox 852 2587 946 2642; x_wconf 90' lang='lat' dir='ltr'>codice</span> 
     </span>
     <span class='ocr_line' id='line_1_35' title="bbox 149 2657 945 2731; baseline -0.004 -16"><span class='ocrx_word' id='word_1_425' title='bbox 149 2670 181 2715; x_wconf 88' lang='lat' dir='ltr'>et</span> <span class='ocrx_word' id='word_1_426' title='bbox 196 2662 266 2731; x_wconf 86' lang='lat' dir='ltr'>apud</span> <span class='ocrx_word' id='word_1_427' title='bbox 283 2659 473 2715; x_wconf 82' lang='lat' dir='ltr'>fiteodorltom</span> <span class='ocrx_word' id='word_1_428' title='bbox 490 2659 548 2712; x_wconf 91' lang='lat' dir='ltr'>ltaec</span> <span class='ocrx_word' id='word_1_429' title='bbox 568 2657 680 2727; x_wconf 83' lang='lat' dir='ltr'>legimus</span> <span class='ocrx_word' id='word_1_430' title='bbox 693 2657 727 2711; x_wconf 81' lang='lat' dir='ltr'>Ae</span> <span class='ocrx_word' id='word_1_431' title='bbox 742 2658 863 2725; x_wconf 91' lang='lat' dir='ltr'>personis</span> <span class='ocrx_word' id='word_1_432' title='bbox 875 2657 945 2713; x_wconf 85' lang='lat' dir='ltr'>diri·</span> 
     </span>
     <span class='ocr_line' id='line_1_36' title="bbox 150 2726 946 2796; baseline 0 -11"><span class='ocrx_word' id='word_1_433' title='bbox 150 2732 198 2785; x_wconf 89' lang='lat' dir='ltr'>uis</span> <span class='ocrx_word' id='word_1_434' title='bbox 215 2750 222 2786; x_wconf 79' lang='grc' dir='ltr'>ι</span> <span class='ocrx_word' id='word_1_435' title='bbox 240 2732 333 2784; x_wconf 84' lang='lat' dir='ltr'>Dianio</span> <span class='ocrx_word' id='word_1_436' title='bbox 352 2731 475 2784; x_wconf 85' lang='lat' dir='ltr'>soluentes</span> <span class='ocrx_word' id='word_1_437' title='bbox 488 2743 496 2782; x_wconf 94' lang='grc'>.·</span> <span class='ocrx_word' id='word_1_438' title='bbox 511 2728 624 2782; x_wconf 86' lang='lat' dir='ltr'>nabetur</span> <span class='ocrx_word' id='word_1_439' title='bbox 644 2729 669 2782; x_wconf 92' lang='lat' dir='ltr'>iri</span> <span class='ocrx_word' id='word_1_440' title='bbox 690 2726 736 2781; x_wconf 91' lang='lat' dir='ltr'>illo</span> <span class='ocrx_word' id='word_1_441' title='bbox 751 2728 946 2796; x_wconf 83' lang='lat' dir='ltr'>Angusoilano</span> 
     </span>
     <span class='ocr_line' id='line_1_37' title="bbox 150 2796 834 2869; baseline -0.006 -13"><span class='ocrx_word' id='word_1_442' title='bbox 150 2815 299 2857; x_wconf 87' lang='lat' dir='ltr'>sermone:</span> <span class='ocrx_word' id='word_1_443' title='bbox 314 2801 407 2854; x_wconf 88' lang='lat' dir='ltr'>Dmitin</span> <span class='ocrx_word' id='word_1_444' title='bbox 422 2815 478 2869; x_wconf 82' lang='lat' dir='ltr'>quie</span> <span class='ocrx_word' id='word_1_445' title='bbox 490 2796 612 2853; x_wconf 72' lang='lat' dir='ltr'>enittendo</span> <span class='ocrx_word' id='word_1_446' title='bbox 623 2807 682 2852; x_wconf 88' lang='lat' dir='ltr'>sunt</span> <span class='ocrx_word' id='word_1_447' title='bbox 696 2796 834 2852; x_wconf 84' lang='lat' dir='ltr'>soluentes.</span> 
     </span>
    </p>

    <p class='ocr_par' dir='ltr' id='par_1_4' title="bbox 189 2866 946 2940">
     <span class='ocr_line' id='line_1_38' title="bbox 189 2866 946 2940; baseline 0 -15"><span class='ocrx_word' id='word_1_448' title='bbox 189 2870 243 2925; x_wconf 85' lang='lat' dir='ltr'>Sed</span> <span class='ocrx_word' id='word_1_449' title='bbox 264 2872 409 2940; x_wconf 77' lang='lat' dir='ltr'>parimodo,</span> <span class='ocrx_word' id='word_1_450' title='bbox 432 2879 534 2940; x_wconf 75' lang='lat' dir='ltr'>queret</span> <span class='ocrx_word' id='word_1_451' title='bbox 553 2868 660 2936; x_wconf 82' lang='lat' dir='ltr'>alionis,</span> <span class='ocrx_word' id='word_1_452' title='bbox 681 2866 787 2924; x_wconf 87' lang='lat' dir='ltr'>libellus</span> <span class='ocrx_word' id='word_1_453' title='bbox 805 2868 855 2924; x_wconf 90' lang='lat' dir='ltr'>iste</span> <span class='ocrx_word' id='word_1_454' title='bbox 876 2870 946 2925; x_wconf 91' lang='lat' dir='ltr'>inter</span> 
     </span>
    </p>
   </div>
   <div class='ocr_carea' id='block_1_4' title="bbox 50 2938 946 3013">
    <p class='ocr_par' dir='ltr' id='par_1_5' title="bbox 50 2938 946 3013">
     <span class='ocr_line' id='line_1_39' title="bbox 50 2938 946 3013; baseline 0.002 -21"><span class='ocrx_word' id='word_1_455' title='bbox 50 2985 53 2992; x_wconf 90' lang='lat'>.</span> <span class='ocrx_word' id='word_1_456' title='bbox 150 2955 202 2995; x_wconf 85' lang='lat' dir='ltr'>eos</span> <span class='ocrx_word' id='word_1_457' title='bbox 217 2942 244 2995; x_wconf 85' lang='lat' dir='ltr'>S.</span> <span class='ocrx_word' id='word_1_458' title='bbox 261 2942 400 3013; x_wconf 89' lang='lat' dir='ltr'>Augustini</span> <span class='ocrx_word' id='word_1_459' title='bbox 412 2952 552 2995; x_wconf 77' lang='lat' dir='ltr'>sermones</span> <span class='ocrx_word' id='word_1_460' title='bbox 567 2942 611 3008; x_wconf 83' lang='lat' dir='ltr'>qui</span> <span class='ocrx_word' id='word_1_461' title='bbox 632 2938 706 2993; x_wconf 74' lang='lat' dir='ltr'>feria</span> <span class='ocrx_word' id='word_1_462' title='bbox 722 2940 739 2994; x_wconf 79' lang='lat'>5</span> <span class='ocrx_word' id='word_1_463' title='bbox 754 2939 780 2992; x_wconf 92' lang='lat' dir='ltr'>in</span> <span class='ocrx_word' id='word_1_464' title='bbox 795 2938 877 2993; x_wconf 83' lang='lat' dir='ltr'>Coena</span> <span class='ocrx_word' id='word_1_465' title='bbox 894 2942 946 2994; x_wconf 90' lang='lat' dir='ltr'>Do·</span> 
     </span>
    </p>
   </div>
   <div class='ocr_carea' id='block_1_5' title="bbox 996 1815 1793 3019">
    <p class='ocr_par' dir='ltr' id='par_1_6' title="bbox 996 1815 1793 3019">
     <span class='ocr_line' id='line_1_40' title="bbox 998 1815 1792 1898; baseline 0.02 -29"><span class='ocrx_word' id='word_1_466' title='bbox 998 1824 1051 1879; x_wconf 90' lang='lat' dir='ltr'>tur,</span> <span class='ocrx_word' id='word_1_467' title='bbox 1074 1815 1108 1868; x_wconf 88' lang='lat' dir='ltr'>ab</span> <span class='ocrx_word' id='word_1_468' title='bbox 1121 1816 1181 1868; x_wconf 90' lang='lat' dir='ltr'>aliis</span> <span class='ocrx_word' id='word_1_469' title='bbox 1194 1832 1242 1883; x_wconf 89' lang='lat' dir='ltr'>pro</span> <span class='ocrx_word' id='word_1_470' title='bbox 1258 1819 1398 1886; x_wconf 85' lang='lat' dir='ltr'>posteriori</span> <span class='ocrx_word' id='word_1_471' title='bbox 1414 1820 1535 1890; x_wconf 83' lang='lat' dir='ltr'>ejusdem</span> <span class='ocrx_word' id='word_1_472' title='bbox 1558 1836 1585 1878; x_wconf 90' lang='lat' dir='ltr'>et</span> <span class='ocrx_word' id='word_1_473' title='bbox 1605 1827 1692 1883; x_wconf 80' lang='lat' dir='ltr'>uriicae</span> <span class='ocrx_word' id='word_1_474' title='bbox 1706 1844 1792 1898; x_wconf 87' lang='lat' dir='ltr'>parte,</span> 
     </span>
     <span class='ocr_line' id='line_1_41' title="bbox 996 1884 1790 1957; baseline 0.023 -20"><span class='ocrx_word' id='word_1_475' title='bbox 996 1884 1031 1938; x_wconf 90' lang='lat' dir='ltr'>ab</span> <span class='ocrx_word' id='word_1_476' title='bbox 1051 1884 1111 1938; x_wconf 89' lang='lat' dir='ltr'>aliis</span> <span class='ocrx_word' id='word_1_477' title='bbox 1132 1885 1246 1956; x_wconf 82' lang='lat' dir='ltr'>denique</span> <span class='ocrx_word' id='word_1_478' title='bbox 1272 1887 1412 1943; x_wconf 87' lang='lat' dir='ltr'>frictatus</span> <span class='ocrx_word' id='word_1_479' title='bbox 1433 1893 1539 1947; x_wconf 83' lang='lat' dir='ltr'>concilii</span> <span class='ocrx_word' id='word_1_480' title='bbox 1562 1895 1790 1957; x_wconf 82' lang='lat' dir='ltr'>Clialcedoueusis</span> 
     </span>
     <span class='ocr_line' id='line_1_42' title="bbox 996 1955 1792 2040; baseline 0.021 -32"><span class='ocrx_word' id='word_1_481' title='bbox 996 1955 1104 2019; x_wconf 91' lang='lat' dir='ltr'>dicitnr,</span> <span class='ocrx_word' id='word_1_482' title='bbox 1117 1955 1194 2010; x_wconf 87' lang='lat' dir='ltr'>cu&#39;us</span> <span class='ocrx_word' id='word_1_483' title='bbox 1210 1957 1292 2026; x_wconf 91' lang='lat' dir='ltr'>prima</span> <span class='ocrx_word' id='word_1_484' title='bbox 1308 1959 1365 2013; x_wconf 80' lang='lat' dir='ltr'>iiico</span> <span class='ocrx_word' id='word_1_485' title='bbox 1379 1972 1442 2014; x_wconf 92' lang='lat' dir='ltr'>suut</span> <span class='ocrx_word' id='word_1_486' title='bbox 1456 1964 1535 2016; x_wconf 87' lang='lat' dir='ltr'>rtetba</span> <span class='ocrx_word' id='word_1_487' title='bbox 1551 1980 1558 2017; x_wconf 79' lang='grc' dir='ltr'>ι</span> <span class='ocrx_word' id='word_1_488' title='bbox 1575 1964 1719 2032; x_wconf 71' lang='lat' dir='ltr'>suffecerat</span> <span class='ocrx_word' id='word_1_489' title='bbox 1732 1973 1792 2040; x_wconf 82' lang='lat' dir='ltr'>qtii·</span> 
     </span>
     <span class='ocr_line' id='line_1_43' title="bbox 996 1972 1793 2108; baseline 0.024 -32"><span class='ocrx_word' id='word_1_490' title='bbox 996 2025 1066 2106; x_wconf 79' lang='lat' dir='ltr'>dent,</span> <span class='ocrx_word' id='word_1_491' title='bbox 1083 2034 1134 2080; x_wconf 91' lang='lat' dir='ltr'>etc.</span> <span class='ocrx_word' id='word_1_492' title='bbox 1151 1972 1188 2080; x_wconf 54' lang='lat' dir='ltr'>iis</span> <span class='ocrx_word' id='word_1_493' title='bbox 1205 2029 1329 2084; x_wconf 80' lang='lat' dir='ltr'>versione</span> <span class='ocrx_word' id='word_1_494' title='bbox 1348 2028 1393 2084; x_wconf 93' lang='lat' dir='ltr'>illa</span> <span class='ocrx_word' id='word_1_495' title='bbox 1414 2044 1518 2101; x_wconf 87' lang='lat' dir='ltr'>sumpta</span> <span class='ocrx_word' id='word_1_496' title='bbox 1539 2034 1644 2091; x_wconf 84' lang='lat' dir='ltr'>videtur</span> <span class='ocrx_word' id='word_1_497' title='bbox 1656 2053 1717 2108; x_wconf 74' lang='lat' dir='ltr'>aptiae</span> <span class='ocrx_word' id='word_1_498' title='bbox 1737 2042 1793 2096; x_wconf 88' lang='lat' dir='ltr'>llu-</span> 
     </span>
     <span class='ocr_line' id='line_1_44' title="bbox 996 2095 1791 2178; baseline 0.019 -28"><span class='ocrx_word' id='word_1_499' title='bbox 996 2103 1065 2150; x_wconf 87' lang='lat' dir='ltr'>suco</span> <span class='ocrx_word' id='word_1_500' title='bbox 1077 2095 1189 2151; x_wconf 87' lang='lat' dir='ltr'>diacono</span> <span class='ocrx_word' id='word_1_501' title='bbox 1204 2097 1282 2154; x_wconf 89' lang='lat' dir='ltr'>tribui</span> <span class='ocrx_word' id='word_1_502' title='bbox 1295 2099 1377 2164; x_wconf 87' lang='lat' dir='ltr'>solcl;</span> <span class='ocrx_word' id='word_1_503' title='bbox 1389 2100 1440 2155; x_wconf 86' lang='lat' dir='ltr'>elsi</span> <span class='ocrx_word' id='word_1_504' title='bbox 1452 2102 1478 2156; x_wconf 91' lang='lat' dir='ltr'>iri</span> <span class='ocrx_word' id='word_1_505' title='bbox 1490 2106 1624 2160; x_wconf 91' lang='lat' dir='ltr'>nonnullis</span> <span class='ocrx_word' id='word_1_506' title='bbox 1634 2106 1791 2178; x_wconf 78' lang='lat' dir='ltr'>aliquantis·</span> 
     </span>
     <span class='ocr_line' id='line_1_45' title="bbox 997 2165 1791 2249; baseline 0.019 -28"><span class='ocrx_word' id='word_1_507' title='bbox 997 2165 1272 2235; x_wconf 66' lang='lat' dir='ltr'>pernumerentur</span> <span class='ocrx_word' id='word_1_508' title='bbox 1286 2184 1350 2225; x_wconf 84' lang='lat' dir='ltr'>tero</span> <span class='ocrx_word' id='word_1_509' title='bbox 1364 2170 1463 2240; x_wconf 76' lang='lat' dir='ltr'>illigata</span> <span class='ocrx_word' id='word_1_510' title='bbox 1478 2173 1513 2227; x_wconf 90' lang='lat' dir='ltr'>sit</span> <span class='ocrx_word' id='word_1_511' title='bbox 1527 2174 1584 2230; x_wconf 78' lang='lat' dir='ltr'>linc</span> <span class='ocrx_word' id='word_1_512' title='bbox 1604 2175 1717 2233; x_wconf 88' lang='lat' dir='ltr'>fororula</span> <span class='ocrx_word' id='word_1_513' title='bbox 1732 2182 1791 2249; x_wconf 89' lang='lat' dir='ltr'>epi·</span> 
     </span>
     <span class='ocr_line' id='line_1_46' title="bbox 996 2236 1791 2307; baseline 0.023 -18"><span class='ocrx_word' id='word_1_514' title='bbox 996 2236 1074 2290; x_wconf 90' lang='lat' dir='ltr'>stolis</span> <span class='ocrx_word' id='word_1_515' title='bbox 1086 2237 1115 2291; x_wconf 87' lang='lat' dir='ltr'>S.</span> <span class='ocrx_word' id='word_1_516' title='bbox 1131 2237 1223 2306; x_wconf 78' lang='lat' dir='ltr'>Cpilltt</span> <span class='ocrx_word' id='word_1_517' title='bbox 1242 2239 1275 2293; x_wconf 91' lang='lat' dir='ltr'>ad</span> <span class='ocrx_word' id='word_1_518' title='bbox 1295 2239 1425 2296; x_wconf 78' lang='lat' dir='ltr'>loannem</span> <span class='ocrx_word' id='word_1_519' title='bbox 1447 2244 1643 2301; x_wconf 88' lang='lat' dir='ltr'>Auriocficnum</span> <span class='ocrx_word' id='word_1_520' title='bbox 1663 2260 1689 2304; x_wconf 88' lang='lat' dir='ltr'>et</span> <span class='ocrx_word' id='word_1_521' title='bbox 1703 2253 1791 2307; x_wconf 88' lang='lat' dir='ltr'>sancti</span> 
     </span>
     <span class='ocr_line' id='line_1_47' title="bbox 997 2306 1790 2388; baseline 0.021 -28"><span class='ocrx_word' id='word_1_522' title='bbox 997 2306 1137 2360; x_wconf 86' lang='lat' dir='ltr'>Atltatiasii</span> <span class='ocrx_word' id='word_1_523' title='bbox 1150 2307 1183 2361; x_wconf 91' lang='lat' dir='ltr'>ad</span> <span class='ocrx_word' id='word_1_524' title='bbox 1199 2308 1359 2376; x_wconf 78' lang='lat' dir='ltr'>Ep&#39;cietum,</span> <span class='ocrx_word' id='word_1_525' title='bbox 1378 2312 1439 2367; x_wconf 91' lang='lat' dir='ltr'>inile</span> <span class='ocrx_word' id='word_1_526' title='bbox 1459 2317 1582 2382; x_wconf 85' lang='lat' dir='ltr'>suspicor</span> <span class='ocrx_word' id='word_1_527' title='bbox 1600 2328 1703 2384; x_wconf 90' lang='lat' dir='ltr'>uatum,</span> <span class='ocrx_word' id='word_1_528' title='bbox 1719 2322 1790 2388; x_wconf 83' lang='lat' dir='ltr'>quoii</span> 
     </span>
     <span class='ocr_line' id='line_1_48' title="bbox 997 2377 1791 2447; baseline 0.02 -16"><span class='ocrx_word' id='word_1_529' title='bbox 997 2377 1078 2431; x_wconf 89' lang='lat' dir='ltr'>simul</span> <span class='ocrx_word' id='word_1_530' title='bbox 1090 2378 1142 2432; x_wconf 81' lang='lat' dir='ltr'>illae</span> <span class='ocrx_word' id='word_1_531' title='bbox 1157 2380 1358 2435; x_wconf 63' lang='lat' dir='ltr'>subscribendae</span> <span class='ocrx_word' id='word_1_532' title='bbox 1372 2386 1568 2441; x_wconf 88' lang='lat' dir='ltr'>revertentibus</span> <span class='ocrx_word' id='word_1_533' title='bbox 1581 2389 1614 2441; x_wconf 88' lang='lat' dir='ltr'>ad</span> <span class='ocrx_word' id='word_1_534' title='bbox 1629 2391 1791 2447; x_wconf 87' lang='lat' dir='ltr'>catltolieatn</span> 
     </span>
     <span class='ocr_line' id='line_1_49' title="bbox 999 2446 1793 2523; baseline 0.023 -23"><span class='ocrx_word' id='word_1_535' title='bbox 999 2446 1173 2517; x_wconf 78' lang='lat' dir='ltr'>Eutyelriaois</span> <span class='ocrx_word' id='word_1_536' title='bbox 1189 2450 1229 2504; x_wconf 91' lang='lat' dir='ltr'>vel</span> <span class='ocrx_word' id='word_1_537' title='bbox 1244 2449 1410 2507; x_wconf 85' lang='lat' dir='ltr'>Nestorianis</span> <span class='ocrx_word' id='word_1_538' title='bbox 1429 2455 1573 2523; x_wconf 75' lang='lat' dir='ltr'>proposita</span> <span class='ocrx_word' id='word_1_539' title='bbox 1591 2457 1646 2513; x_wconf 88' lang='lat' dir='ltr'>siut</span> <span class='ocrx_word' id='word_1_540' title='bbox 1661 2473 1709 2515; x_wconf 92' lang='lat' dir='ltr'>scu</span> <span class='ocrx_word' id='word_1_541' title='bbox 1722 2461 1793 2517; x_wconf 80' lang='lat' dir='ltr'>Lori·</span> 
     </span>
     <span class='ocr_line' id='line_1_50' title="bbox 997 2518 1788 2593; baseline 0.021 -22"><span class='ocrx_word' id='word_1_542' title='bbox 997 2518 1169 2588; x_wconf 87' lang='lat' dir='ltr'>stantiuopoli</span> <span class='ocrx_word' id='word_1_543' title='bbox 1183 2533 1231 2574; x_wconf 91' lang='lat' dir='ltr'>scu</span> <span class='ocrx_word' id='word_1_544' title='bbox 1247 2521 1425 2577; x_wconf 71' lang='lat' dir='ltr'>Alexandria.</span> <span class='ocrx_word' id='word_1_545' title='bbox 1439 2524 1494 2581; x_wconf 87' lang='lat' dir='ltr'>Nec</span> <span class='ocrx_word' id='word_1_546' title='bbox 1508 2525 1558 2582; x_wconf 89' lang='lat' dir='ltr'>irae</span> <span class='ocrx_word' id='word_1_547' title='bbox 1570 2528 1629 2584; x_wconf 91' lang='lat' dir='ltr'>sine</span> <span class='ocrx_word' id='word_1_548' title='bbox 1641 2533 1767 2593; x_wconf 84' lang='lat' dir='ltr'>etenmlo</span> <span class='ocrx_word' id='word_1_549' title='bbox 1781 2551 1788 2588; x_wconf 76' lang='grc' dir='ltr'><strong><em>ε</em></strong></span> 
     </span>
     <span class='ocr_line' id='line_1_51' title="bbox 996 2588 1791 2664; baseline 0.026 -23"><span class='ocrx_word' id='word_1_550' title='bbox 996 2588 1128 2658; x_wconf 78' lang='lat' dir='ltr'>siquidem</span> <span class='ocrx_word' id='word_1_551' title='bbox 1146 2591 1290 2645; x_wconf 88' lang='lat' dir='ltr'>retiiteotib</span> <span class='ocrx_word' id='word_1_552' title='bbox 1302 2607 1323 2647; x_wconf 91' lang='lat' dir='ltr'>ts</span> <span class='ocrx_word' id='word_1_553' title='bbox 1339 2593 1485 2664; x_wconf 90' lang='lat' dir='ltr'>aliquando</span> <span class='ocrx_word' id='word_1_554' title='bbox 1503 2596 1688 2656; x_wconf 78' lang='lat' dir='ltr'>orientalibus</span> <span class='ocrx_word' id='word_1_555' title='bbox 1706 2618 1741 2657; x_wconf 91' lang='lat' dir='ltr'>ne</span> <span class='ocrx_word' id='word_1_556' title='bbox 1760 2603 1791 2662; x_wconf 88' lang='lat' dir='ltr'>S.</span> 
     </span>
     <span class='ocr_line' id='line_1_52' title="bbox 997 2658 1792 2740; baseline 0.019 -27"><span class='ocrx_word' id='word_1_557' title='bbox 997 2658 1096 2713; x_wconf 88' lang='lat' dir='ltr'>Leonis</span> <span class='ocrx_word' id='word_1_558' title='bbox 1106 2659 1227 2728; x_wconf 74' lang='lat' dir='ltr'>epistolae</span> <span class='ocrx_word' id='word_1_559' title='bbox 1238 2660 1447 2724; x_wconf 82' lang='lat' dir='ltr'>subscriberent.</span> <span class='ocrx_word' id='word_1_560' title='bbox 1456 2666 1574 2737; x_wconf 78' lang='lat' dir='ltr'>(ipopiio</span> <span class='ocrx_word' id='word_1_561' title='bbox 1585 2664 1619 2724; x_wconf 87' lang='lat' dir='ltr'>ab</span> <span class='ocrx_word' id='word_1_562' title='bbox 1633 2670 1691 2740; x_wconf 75' lang='lat' dir='ltr'>ip=o</span> <span class='ocrx_word' id='word_1_563' title='bbox 1702 2672 1792 2729; x_wconf 84' lang='lat' dir='ltr'>Leetie</span> 
     </span>
     <span class='ocr_line' id='line_1_53' title="bbox 997 2729 1791 2805; baseline 0.021 -24"><span class='ocrx_word' id='word_1_564' title='bbox 997 2729 1059 2782; x_wconf 90' lang='lat' dir='ltr'>data</span> <span class='ocrx_word' id='word_1_565' title='bbox 1075 2739 1126 2793; x_wconf 89' lang='lat' dir='ltr'>cst,</span> <span class='ocrx_word' id='word_1_566' title='bbox 1142 2739 1170 2782; x_wconf 90' lang='lat' dir='ltr'>nt</span> <span class='ocrx_word' id='word_1_567' title='bbox 1187 2731 1228 2785; x_wconf 84' lang='lat' dir='ltr'>rel</span> <span class='ocrx_word' id='word_1_568' title='bbox 1243 2746 1299 2786; x_wconf 83' lang='lat' dir='ltr'>sure</span> <span class='ocrx_word' id='word_1_569' title='bbox 1312 2733 1353 2789; x_wconf 85' lang='lat' dir='ltr'>vei</span> <span class='ocrx_word' id='word_1_570' title='bbox 1374 2735 1466 2804; x_wconf 72' lang='lat' dir='ltr'>cyrilli</span> <span class='ocrx_word' id='word_1_571' title='bbox 1486 2736 1608 2805; x_wconf 85' lang='lat' dir='ltr'>epistolae</span> <span class='ocrx_word' id='word_1_572' title='bbox 1627 2755 1791 2798; x_wconf 82' lang='lat' dir='ltr'>eonsensum</span> 
     </span>
     <span class='ocr_line' id='line_1_54' title="bbox 996 2800 1792 2874; baseline 0.02 -22"><span class='ocrx_word' id='word_1_573' title='bbox 996 2800 1168 2853; x_wconf 85' lang='lat' dir='ltr'>ailltilicrcttt.</span> <span class='ocrx_word' id='word_1_574' title='bbox 1185 2802 1206 2854; x_wconf 77' lang='lat' dir='ltr'>D</span> <span class='ocrx_word' id='word_1_575' title='bbox 1225 2801 1302 2857; x_wconf 86' lang='lat' dir='ltr'>istola</span> <span class='ocrx_word' id='word_1_576' title='bbox 1318 2803 1363 2868; x_wconf 81' lang='lat' dir='ltr'>sl,</span> <span class='ocrx_word' id='word_1_577' title='bbox 1379 2821 1450 2860; x_wconf 91' lang='lat' dir='ltr'>nunc</span> <span class='ocrx_word' id='word_1_578' title='bbox 1464 2806 1507 2874; x_wconf 81' lang='lat' dir='ltr'>to,</span> <span class='ocrx_word' id='word_1_579' title='bbox 1523 2806 1557 2862; x_wconf 91' lang='lat' dir='ltr'>ad</span> <span class='ocrx_word' id='word_1_580' title='bbox 1572 2807 1741 2866; x_wconf 88' lang='lat' dir='ltr'>Pulclicriam</span> <span class='ocrx_word' id='word_1_581' title='bbox 1757 2814 1792 2869; x_wconf 93' lang='lat' dir='ltr'>do</span> 
     </span>
     <span class='ocr_line' id='line_1_55' title="bbox 997 2816 1791 2947; baseline 0.019 -24"><span class='ocrx_word' id='word_1_582' title='bbox 997 2867 1122 2924; x_wconf 73' lang='lat' dir='ltr'>Anatolio</span> <span class='ocrx_word' id='word_1_583' title='bbox 1137 2869 1195 2925; x_wconf 85' lang='lat' dir='ltr'>lraoc</span> <span class='ocrx_word' id='word_1_584' title='bbox 1207 2816 1309 2927; x_wconf 58' lang='lat' dir='ltr'>flabat:</span> <span class='ocrx_word' id='word_1_585' title='bbox 1327 2873 1444 2940; x_wconf 77' lang='lat' dir='ltr'>Simplex</span> <span class='ocrx_word' id='word_1_586' title='bbox 1459 2887 1505 2945; x_wconf 87' lang='lat' dir='ltr'>est,</span> <span class='ocrx_word' id='word_1_587' title='bbox 1521 2877 1616 2947; x_wconf 76' lang='lat' dir='ltr'>innuit,</span> <span class='ocrx_word' id='word_1_588' title='bbox 1631 2877 1791 2937; x_wconf 83' lang='lat' dir='ltr'>absolution-</span> 
     </span>
     <span class='ocr_line' id='line_1_56' title="bbox 996 2939 1793 3019; baseline 0.02 -27"><span class='ocrx_word' id='word_1_589' title='bbox 996 2956 1046 3009; x_wconf 84' lang='lat' dir='ltr'>pite</span> <span class='ocrx_word' id='word_1_590' title='bbox 1059 2939 1127 3009; x_wconf 80' lang='lat' dir='ltr'>prieti</span> <span class='ocrx_word' id='word_1_591' title='bbox 1147 2957 1225 3009; x_wconf 84' lang='lat' dir='ltr'>porco</span> <span class='ocrx_word' id='word_1_592' title='bbox 1242 2957 1252 2995; x_wconf 92' lang='lat'>.·</span> <span class='ocrx_word' id='word_1_593' title='bbox 1271 2950 1298 2997; x_wconf 87' lang='lat' dir='ltr'>itt</span> <span class='ocrx_word' id='word_1_594' title='bbox 1317 2955 1414 3000; x_wconf 83' lang='lat' dir='ltr'>rentoto</span> <span class='ocrx_word' id='word_1_595' title='bbox 1435 2946 1570 3019; x_wconf 79' lang='lat' dir='ltr'>longorum</span> <span class='ocrx_word' id='word_1_596' title='bbox 1589 2950 1793 3019; x_wconf 85' lang='lat' dir='ltr'>disputationum</span> 
     </span>
    </p>
   </div>
   <div class='ocr_carea' id='block_1_6' title="bbox 148 3008 1794 3161">
    <p class='ocr_par' dir='ltr' id='par_1_7' title="bbox 148 3008 1794 3161">
     <span class='ocr_line' id='line_1_57' title="bbox 150 3008 1794 3094; baseline 0.009 -29"><span class='ocrx_word' id='word_1_597' title='bbox 150 3010 221 3065; x_wconf 90' lang='lat' dir='ltr'>mini</span> <span class='ocrx_word' id='word_1_598' title='bbox 237 3014 406 3081; x_wconf 80' lang='lat' dir='ltr'>assignantur</span> <span class='ocrx_word' id='word_1_599' title='bbox 420 3012 507 3065; x_wconf 89' lang='lat' dir='ltr'>locuto</span> <span class='ocrx_word' id='word_1_600' title='bbox 530 3008 631 3072; x_wconf 85' lang='lat' dir='ltr'>babuit,</span> <span class='ocrx_word' id='word_1_601' title='bbox 644 3022 704 3062; x_wconf 91' lang='lat' dir='ltr'>curn</span> <span class='ocrx_word' id='word_1_602' title='bbox 728 3009 756 3062; x_wconf 94' lang='lat' dir='ltr'>in</span> <span class='ocrx_word' id='word_1_603' title='bbox 775 3022 809 3063; x_wconf 89' lang='lat' dir='ltr'>eo</span> <span class='ocrx_word' id='word_1_604' title='bbox 824 3024 857 3064; x_wconf 92' lang='lat' dir='ltr'>ue</span> <span class='ocrx_word' id='word_1_605' title='bbox 876 3025 943 3078; x_wconf 86' lang='lat' dir='ltr'>aper</span> <span class='ocrx_word' id='word_1_606' title='bbox 997 3010 1084 3064; x_wconf 82' lang='lat' dir='ltr'>lairere</span> <span class='ocrx_word' id='word_1_607' title='bbox 1107 3022 1204 3066; x_wconf 81' lang='lat' dir='ltr'>satiatae</span> <span class='ocrx_word' id='word_1_608' title='bbox 1224 3014 1354 3068; x_wconf 84' lang='lat' dir='ltr'>nteirtorire</span> <span class='ocrx_word' id='word_1_609' title='bbox 1375 3014 1467 3087; x_wconf 80' lang='lat' dir='ltr'>Cprilli</span> <span class='ocrx_word' id='word_1_610' title='bbox 1487 3019 1656 3075; x_wconf 73' lang='lat' dir='ltr'>Alexandrini</span> <span class='ocrx_word' id='word_1_611' title='bbox 1680 3025 1794 3094; x_wconf 76' lang='lat' dir='ltr'>episcopi</span> 
     </span>
     <span class='ocr_line' id='line_1_58' title="bbox 148 3073 1794 3161; baseline 0.009 -26"><span class='ocrx_word' id='word_1_612' title='bbox 148 3080 260 3150; x_wconf 77' lang='lat' dir='ltr'>quidem</span> <span class='ocrx_word' id='word_1_613' title='bbox 273 3091 401 3153; x_wconf 88' lang='lat' dir='ltr'>appareat</span> <span class='ocrx_word' id='word_1_614' title='bbox 411 3081 455 3151; x_wconf 79' lang='lat' dir='ltr'>qui</span> <span class='ocrx_word' id='word_1_615' title='bbox 469 3078 547 3148; x_wconf 81' lang='lat' dir='ltr'>buius</span> <span class='ocrx_word' id='word_1_616' title='bbox 556 3078 610 3134; x_wconf 88' lang='lat' dir='ltr'>diei</span> <span class='ocrx_word' id='word_1_617' title='bbox 624 3077 789 3135; x_wconf 78' lang='lat' dir='ltr'>solemnitati</span> <span class='ocrx_word' id='word_1_618' title='bbox 801 3084 944 3137; x_wconf 83' lang='lat' dir='ltr'>cotineniat</span> <span class='ocrx_word' id='word_1_619' title='bbox 958 3073 981 3136; x_wconf 87' lang='lat' dir='ltr'>C</span> <span class='ocrx_word' id='word_1_620' title='bbox 998 3080 1114 3151; x_wconf 78' lang='lat' dir='ltr'>eprialoftr</span> <span class='ocrx_word' id='word_1_621' title='bbox 1125 3097 1203 3152; x_wconf 81' lang='lat' dir='ltr'>pauni</span> <span class='ocrx_word' id='word_1_622' title='bbox 1217 3084 1271 3153; x_wconf 86' lang='lat' dir='ltr'>ipse</span> <span class='ocrx_word' id='word_1_623' title='bbox 1290 3086 1324 3138; x_wconf 84' lang='lat' dir='ltr'>od</span> <span class='ocrx_word' id='word_1_624' title='bbox 1337 3083 1487 3141; x_wconf 83' lang='lat' dir='ltr'>Nestorium</span> <span class='ocrx_word' id='word_1_625' title='bbox 1502 3092 1615 3152; x_wconf 80' lang='lat' dir='ltr'>iniretur,</span> <span class='ocrx_word' id='word_1_626' title='bbox 1628 3096 1794 3161; x_wconf 57' lang='lat' dir='ltr'>acquiescam</span> 
     </span>
    </p>
   </div>
   <div class='ocr_carea' id='block_1_7' title="bbox 143 3149 947 4417">
    <p class='ocr_par' dir='ltr' id='par_1_8' title="bbox 143 3149 947 4417">
     <span class='ocr_line' id='line_1_59' title="bbox 147 3149 946 3221; baseline 0 -16"><span class='ocrx_word' id='word_1_627' title='bbox 147 3153 195 3207; x_wconf 78' lang='lat' dir='ltr'>vel</span> <span class='ocrx_word' id='word_1_628' title='bbox 210 3153 405 3208; x_wconf 88' lang='lat' dir='ltr'>accommodari</span> <span class='ocrx_word' id='word_1_629' title='bbox 417 3151 518 3221; x_wconf 86' lang='lat' dir='ltr'>possit?</span> <span class='ocrx_word' id='word_1_630' title='bbox 528 3150 582 3205; x_wconf 79' lang='lat' dir='ltr'>Nec</span> <span class='ocrx_word' id='word_1_631' title='bbox 595 3149 646 3204; x_wconf 85' lang='lat' dir='ltr'>boc</span> <span class='ocrx_word' id='word_1_632' title='bbox 657 3151 746 3204; x_wconf 87' lang='lat' dir='ltr'>mitius</span> <span class='ocrx_word' id='word_1_633' title='bbox 756 3149 835 3220; x_wconf 69' lang='lat'>931</span> <span class='ocrx_word' id='word_1_634' title='bbox 849 3150 946 3205; x_wconf 86' lang='lat' dir='ltr'>obseu-</span> 
     </span>
     <span class='ocr_line' id='line_1_60' title="bbox 148 3220 947 3291; baseline -0.001 -13"><span class='ocrx_word' id='word_1_635' title='bbox 148 3239 213 3278; x_wconf 91' lang='lat' dir='ltr'>runi</span> <span class='ocrx_word' id='word_1_636' title='bbox 228 3239 307 3291; x_wconf 78' lang='lat' dir='ltr'>ortam</span> <span class='ocrx_word' id='word_1_637' title='bbox 320 3234 428 3278; x_wconf 86' lang='lat' dir='ltr'>caetera.</span> <span class='ocrx_word' id='word_1_638' title='bbox 444 3221 534 3275; x_wconf 84' lang='lat' dir='ltr'>Dicam</span> <span class='ocrx_word' id='word_1_639' title='bbox 544 3220 615 3289; x_wconf 86' lang='lat' dir='ltr'>qrtod</span> <span class='ocrx_word' id='word_1_640' title='bbox 627 3222 699 3275; x_wconf 82' lang='lat' dir='ltr'>seuit</span> <span class='ocrx_word' id='word_1_641' title='bbox 709 3221 736 3274; x_wconf 94' lang='grc' dir='ltr'>ιιι</span> <span class='ocrx_word' id='word_1_642' title='bbox 747 3232 875 3276; x_wconf 90' lang='lat' dir='ltr'>ruentem.</span> <span class='ocrx_word' id='word_1_643' title='bbox 884 3222 947 3277; x_wconf 89' lang='lat' dir='ltr'>Post</span> 
     </span>
     <span class='ocr_line' id='line_1_61' title="bbox 147 3290 946 3362; baseline -0.001 -14"><span class='ocrx_word' id='word_1_644' title='bbox 147 3296 286 3362; x_wconf 90' lang='lat' dir='ltr'>prolatum</span> <span class='ocrx_word' id='word_1_645' title='bbox 302 3294 554 3348; x_wconf 80' lang='lat' dir='ltr'>anathematismum</span> <span class='ocrx_word' id='word_1_646' title='bbox 568 3304 616 3346; x_wconf 91' lang='lat' dir='ltr'>scu</span> <span class='ocrx_word' id='word_1_647' title='bbox 632 3290 778 3360; x_wconf 90' lang='lat' dir='ltr'>capitulum</span> <span class='ocrx_word' id='word_1_648' title='bbox 793 3291 827 3344; x_wconf 77' lang='lat' dir='ltr'>lli</span> <span class='ocrx_word' id='word_1_649' title='bbox 839 3292 946 3347; x_wconf 88' lang='lat' dir='ltr'>concilii</span> 
     </span>
     <span class='ocr_line' id='line_1_62' title="bbox 147 3360 946 3431; baseline -0.006 -11"><span class='ocrx_word' id='word_1_650' title='bbox 147 3362 325 3420; x_wconf 83' lang='lat' dir='ltr'>Dracareusis</span> <span class='ocrx_word' id='word_1_651' title='bbox 341 3362 451 3418; x_wconf 90' lang='lat' dir='ltr'>secundi</span> <span class='ocrx_word' id='word_1_652' title='bbox 464 3375 509 3414; x_wconf 92' lang='lat' dir='ltr'>an.</span> <span class='ocrx_word' id='word_1_653' title='bbox 524 3362 597 3416; x_wconf 75' lang='lat'><strong>563:</strong></span> <span class='ocrx_word' id='word_1_654' title='bbox 612 3360 643 3415; x_wconf 87' lang='lat' dir='ltr'>Si</span> <span class='ocrx_word' id='word_1_655' title='bbox 657 3362 728 3429; x_wconf 81' lang='lat' dir='ltr'>qnia,</span> <span class='ocrx_word' id='word_1_656' title='bbox 741 3361 843 3429; x_wconf 86' lang='lat' dir='ltr'>iuquit,</span> <span class='ocrx_word' id='word_1_657' title='bbox 856 3365 946 3431; x_wconf 83' lang='lat' dir='ltr'>quintu</span> 
     </span>
     <span class='ocr_line' id='line_1_63' title="bbox 146 3428 946 3506; baseline -0.003 -19"><span class='ocrx_word' id='word_1_658' title='bbox 146 3436 219 3506; x_wconf 74' lang='lat' dir='ltr'>[erin</span> <span class='ocrx_word' id='word_1_659' title='bbox 230 3434 355 3503; x_wconf 79' lang='lat' dir='ltr'>panciroli,</span> <span class='ocrx_word' id='word_1_660' title='bbox 366 3449 424 3504; x_wconf 80' lang='lat' dir='ltr'>pute</span> <span class='ocrx_word' id='word_1_661' title='bbox 433 3440 535 3486; x_wconf 57' lang='lat' dir='ltr'>tencatur</span> <span class='ocrx_word' id='word_1_662' title='bbox 545 3430 622 3483; x_wconf 86' lang='lat' dir='ltr'>Coentt</span> <span class='ocrx_word' id='word_1_663' title='bbox 635 3428 747 3491; x_wconf 84' lang='lat' dir='ltr'>Domini,</span> <span class='ocrx_word' id='word_1_664' title='bbox 760 3431 822 3483; x_wconf 88' lang='lat' dir='ltr'>liora</span> <span class='ocrx_word' id='word_1_665' title='bbox 834 3431 946 3499; x_wconf 76' lang='lat' dir='ltr'>legitima</span> 
     </span>
     <span class='ocr_line' id='line_1_64' title="bbox 146 3501 946 3577; baseline -0.008 -18"><span class='ocrx_word' id='word_1_666' title='bbox 146 3515 209 3574; x_wconf 85' lang='lat' dir='ltr'>post</span> <span class='ocrx_word' id='word_1_667' title='bbox 224 3520 316 3558; x_wconf 84' lang='lat' dir='ltr'>tionem</span> <span class='ocrx_word' id='word_1_668' title='bbox 325 3507 434 3577; x_wconf 72' lang='lat' dir='ltr'>jejunus</span> <span class='ocrx_word' id='word_1_669' title='bbox 449 3507 474 3555; x_wconf 91' lang='lat' dir='ltr'>in</span> <span class='ocrx_word' id='word_1_670' title='bbox 490 3501 606 3555; x_wconf 76' lang='lat' dir='ltr'>Ecclesia</span> <span class='ocrx_word' id='word_1_671' title='bbox 630 3501 720 3553; x_wconf 86' lang='lat' dir='ltr'>nrirsat</span> <span class='ocrx_word' id='word_1_672' title='bbox 735 3516 785 3553; x_wconf 89' lang='lat' dir='ltr'>non</span> <span class='ocrx_word' id='word_1_673' title='bbox 804 3510 888 3561; x_wconf 89' lang='lat' dir='ltr'>lettet,·</span> <span class='ocrx_word' id='word_1_674' title='bbox 902 3503 946 3556; x_wconf 83' lang='lat' dir='ltr'>sed</span> 
     </span>
     <span class='ocr_line' id='line_1_65' title="bbox 144 3570 946 3641; baseline -0.002 -12"><span class='ocrx_word' id='word_1_675' title='bbox 144 3578 292 3629; x_wconf 79' lang='lat' dir='ltr'>secundnm</span> <span class='ocrx_word' id='word_1_676' title='bbox 304 3587 400 3629; x_wconf 86' lang='lat' dir='ltr'>sectant</span> <span class='ocrx_word' id='word_1_677' title='bbox 415 3572 572 3628; x_wconf 79' lang='lat' dir='ltr'>f‘riseiflieni</span> <span class='ocrx_word' id='word_1_678' title='bbox 583 3570 743 3641; x_wconf 73' lang='lat' dir='ltr'>[estititntent</span> <span class='ocrx_word' id='word_1_679' title='bbox 758 3573 839 3641; x_wconf 77' lang='lat' dir='ltr'>ipsine</span> <span class='ocrx_word' id='word_1_680' title='bbox 851 3572 902 3625; x_wconf 84' lang='lat' dir='ltr'>diei</span> <span class='ocrx_word' id='word_1_681' title='bbox 915 3575 946 3627; x_wconf 83' lang='lat' dir='ltr'>ab</span> 
     </span>
     <span class='ocr_line' id='line_1_66' title="bbox 145 3640 946 3713; baseline -0.001 -16"><span class='ocrx_word' id='word_1_682' title='bbox 145 3646 216 3699; x_wconf 79' lang='lat' dir='ltr'>Aera</span> <span class='ocrx_word' id='word_1_683' title='bbox 232 3646 304 3699; x_wconf 87' lang='lat' dir='ltr'>tertio</span> <span class='ocrx_word' id='word_1_684' title='bbox 316 3662 360 3713; x_wconf 89' lang='lat' dir='ltr'>per</span> <span class='ocrx_word' id='word_1_685' title='bbox 371 3646 461 3698; x_wconf 86' lang='lat' dir='ltr'>ntissns</span> <span class='ocrx_word' id='word_1_686' title='bbox 472 3643 649 3713; x_wconf 79' lang='lat' dir='ltr'>defunctorum</span> <span class='ocrx_word' id='word_1_687' title='bbox 658 3642 741 3694; x_wconf 84' lang='lat' dir='ltr'>soluto</span> <span class='ocrx_word' id='word_1_688' title='bbox 757 3640 856 3713; x_wconf 71' lang='lat' dir='ltr'>jejunio</span> <span class='ocrx_word' id='word_1_689' title='bbox 866 3644 946 3709; x_wconf 86' lang='lat' dir='ltr'>colil,·</span> 
     </span>
     <span class='ocr_line' id='line_1_67' title="bbox 145 3711 945 3781; baseline 0.001 -13"><span class='ocrx_word' id='word_1_690' title='bbox 145 3716 290 3771; x_wconf 84' lang='lat' dir='ltr'>attetlienta</span> <span class='ocrx_word' id='word_1_691' title='bbox 311 3718 353 3769; x_wconf 87' lang='lat' dir='ltr'>rit.</span> <span class='ocrx_word' id='word_1_692' title='bbox 381 3717 420 3769; x_wconf 81' lang='lat' dir='ltr'>Er</span> <span class='ocrx_word' id='word_1_693' title='bbox 445 3716 495 3768; x_wconf 91' lang='lat' dir='ltr'>lroe</span> <span class='ocrx_word' id='word_1_694' title='bbox 517 3714 634 3781; x_wconf 80' lang='lat' dir='ltr'>cipitata</span> <span class='ocrx_word' id='word_1_695' title='bbox 656 3711 829 3781; x_wconf 76' lang='lat' dir='ltr'>intelligimus</span> <span class='ocrx_word' id='word_1_696' title='bbox 851 3712 945 3769; x_wconf 89' lang='lat' dir='ltr'>feriam</span> 
     </span>
     <span class='ocr_line' id='line_1_68' title="bbox 145 3782 944 3855; baseline 0 -16"><span class='ocrx_word' id='word_1_697' title='bbox 145 3788 272 3855; x_wconf 81' lang='lat' dir='ltr'>quintam</span> <span class='ocrx_word' id='word_1_698' title='bbox 288 3787 315 3841; x_wconf 94' lang='lat' dir='ltr'>in</span> <span class='ocrx_word' id='word_1_699' title='bbox 325 3786 407 3842; x_wconf 86' lang='lat' dir='ltr'>Coerta</span> <span class='ocrx_word' id='word_1_700' title='bbox 425 3783 528 3839; x_wconf 78' lang='lat' dir='ltr'>Domini</span> <span class='ocrx_word' id='word_1_701' title='bbox 542 3800 557 3836; x_wconf 89' lang='lat' dir='ltr'>a</span> <span class='ocrx_word' id='word_1_702' title='bbox 571 3782 781 3837; x_wconf 86' lang='lat' dir='ltr'>Priscillianistls</span> <span class='ocrx_word' id='word_1_703' title='bbox 794 3798 842 3848; x_wconf 91' lang='lat' dir='ltr'>per</span> <span class='ocrx_word' id='word_1_704' title='bbox 859 3784 944 3839; x_wconf 88' lang='lat' dir='ltr'>saeri-</span> 
     </span>
     <span class='ocr_line' id='line_1_69' title="bbox 145 3852 944 3926; baseline -0.004 -15"><span class='ocrx_word' id='word_1_705' title='bbox 145 3857 227 3926; x_wconf 76' lang='lat' dir='ltr'>legas</span> <span class='ocrx_word' id='word_1_706' title='bbox 246 3872 309 3911; x_wconf 88' lang='lat' dir='ltr'>suas</span> <span class='ocrx_word' id='word_1_707' title='bbox 327 3857 501 3911; x_wconf 81' lang='lat' dir='ltr'>caerenronias</span> <span class='ocrx_word' id='word_1_708' title='bbox 515 3868 575 3908; x_wconf 86' lang='lat' dir='ltr'>esse</span> <span class='ocrx_word' id='word_1_709' title='bbox 588 3852 727 3922; x_wconf 87' lang='lat' dir='ltr'>pollutam.</span> <span class='ocrx_word' id='word_1_710' title='bbox 742 3854 818 3919; x_wconf 78' lang='lat' dir='ltr'>Quod</span> <span class='ocrx_word' id='word_1_711' title='bbox 833 3853 856 3908; x_wconf 92' lang='lat' dir='ltr'>si</span> <span class='ocrx_word' id='word_1_712' title='bbox 870 3853 944 3909; x_wconf 89' lang='lat' dir='ltr'>diea-</span> 
     </span>
     <span class='ocr_line' id='line_1_70' title="bbox 145 3926 944 3994; baseline -0.001 -14"><span class='ocrx_word' id='word_1_713' title='bbox 145 3942 213 3981; x_wconf 88' lang='lat' dir='ltr'>mus</span> <span class='ocrx_word' id='word_1_714' title='bbox 227 3942 285 3982; x_wconf 88' lang='lat' dir='ltr'>cam</span> <span class='ocrx_word' id='word_1_715' title='bbox 301 3927 336 3982; x_wconf 89' lang='lat' dir='ltr'>ob</span> <span class='ocrx_word' id='word_1_716' title='bbox 349 3941 458 3981; x_wconf 88' lang='lat' dir='ltr'>cansam</span> <span class='ocrx_word' id='word_1_717' title='bbox 474 3933 501 3980; x_wconf 93' lang='lat' dir='ltr'>et</span> <span class='ocrx_word' id='word_1_718' title='bbox 517 3936 624 3994; x_wconf 89' lang='lat' dir='ltr'>propter</span> <span class='ocrx_word' id='word_1_719' title='bbox 638 3931 827 3994; x_wconf 76' lang='lat' dir='ltr'>mysteriorum</span> <span class='ocrx_word' id='word_1_720' title='bbox 842 3926 944 3981; x_wconf 90' lang='lat' dir='ltr'>solein-</span> 
     </span>
     <span class='ocr_line' id='line_1_71' title="bbox 144 3993 944 4066; baseline -0.001 -13"><span class='ocrx_word' id='word_1_721' title='bbox 144 3998 263 4053; x_wconf 88' lang='lat' dir='ltr'>nitatem</span> <span class='ocrx_word' id='word_1_722' title='bbox 274 4000 413 4066; x_wconf 91' lang='lat' dir='ltr'>cpiseopos</span> <span class='ocrx_word' id='word_1_723' title='bbox 425 3997 555 4064; x_wconf 90' lang='lat' dir='ltr'>llispanos</span> <span class='ocrx_word' id='word_1_724' title='bbox 566 3996 686 4049; x_wconf 89' lang='lat' dir='ltr'>camitem</span> <span class='ocrx_word' id='word_1_725' title='bbox 698 3993 790 4049; x_wconf 91' lang='lat' dir='ltr'>feriam</span> <span class='ocrx_word' id='word_1_726' title='bbox 802 3994 944 4065; x_wconf 79' lang='lat' dir='ltr'>delegisse,</span> 
     </span>
     <span class='ocr_line' id='line_1_72' title="bbox 145 4064 945 4138; baseline 0.003 -16"><span class='ocrx_word' id='word_1_727' title='bbox 145 4071 177 4122; x_wconf 92' lang='lat' dir='ltr'>in</span> <span class='ocrx_word' id='word_1_728' title='bbox 213 4084 244 4122; x_wconf 90' lang='lat' dir='ltr'>ua</span> <span class='ocrx_word' id='word_1_729' title='bbox 259 4066 392 4138; x_wconf 71' lang='lat' dir='ltr'>professio</span> <span class='ocrx_word' id='word_1_730' title='bbox 411 4067 471 4122; x_wconf 89' lang='lat' dir='ltr'>fidei</span> <span class='ocrx_word' id='word_1_731' title='bbox 490 4066 629 4136; x_wconf 23' lang='lat' dir='ltr'>adversus·</span> <span class='ocrx_word' id='word_1_732' title='bbox 641 4064 826 4120; x_wconf 84' lang='lat' dir='ltr'>Priscillianus</span> <span class='ocrx_word' id='word_1_733' title='bbox 840 4068 945 4132; x_wconf 86' lang='lat' dir='ltr'>publice</span> 
     </span>
     <span class='ocr_line' id='line_1_73' title="bbox 144 4084 943 4206; baseline 0 -13"><span class='ocrx_word' id='word_1_734' title='bbox 144 4139 177 4193; x_wconf 88' lang='lat' dir='ltr'>in</span> <span class='ocrx_word' id='word_1_735' title='bbox 192 4084 312 4193; x_wconf 58' lang='lat' dir='ltr'>analium</span> <span class='ocrx_word' id='word_1_736' title='bbox 327 4150 399 4194; x_wconf 89' lang='lat' dir='ltr'>eoetu</span> <span class='ocrx_word' id='word_1_737' title='bbox 411 4137 565 4206; x_wconf 78' lang='lat' dir='ltr'>legeretur3</span> <span class='ocrx_word' id='word_1_738' title='bbox 586 4135 627 4190; x_wconf 84' lang='lat' dir='ltr'>acl</span> <span class='ocrx_word' id='word_1_739' title='bbox 643 4148 702 4190; x_wconf 90' lang='lat' dir='ltr'>eam</span> <span class='ocrx_word' id='word_1_740' title='bbox 718 4137 802 4205; x_wconf 90' lang='lat' dir='ltr'>ipsam</span> <span class='ocrx_word' id='word_1_741' title='bbox 822 4137 894 4192; x_wconf 91' lang='lat' dir='ltr'>diem</span> <span class='ocrx_word' id='word_1_742' title='bbox 917 4142 943 4193; x_wconf 89' lang='lat' dir='ltr'>in</span> 
     </span>
     <span class='ocr_line' id='line_1_74' title="bbox 144 4206 944 4280; baseline 0.003 -18"><span class='ocrx_word' id='word_1_743' title='bbox 144 4225 204 4280; x_wconf 87' lang='lat' dir='ltr'>qtra</span> <span class='ocrx_word' id='word_1_744' title='bbox 221 4211 261 4277; x_wconf 82' lang='lat' dir='ltr'>(nt</span> <span class='ocrx_word' id='word_1_745' title='bbox 271 4210 357 4263; x_wconf 88' lang='lat' dir='ltr'>adlrue</span> <span class='ocrx_word' id='word_1_746' title='bbox 369 4208 449 4262; x_wconf 90' lang='lat' dir='ltr'>liodie</span> <span class='ocrx_word' id='word_1_747' title='bbox 461 4206 631 4276; x_wconf 86' lang='lat' dir='ltr'>observatur)</span> <span class='ocrx_word' id='word_1_748' title='bbox 646 4206 768 4261; x_wconf 87' lang='lat' dir='ltr'>solebant</span> <span class='ocrx_word' id='word_1_749' title='bbox 781 4211 944 4275; x_wconf 76' lang='lat' dir='ltr'>poenitentes</span> 
     </span>
     <span class='ocr_line' id='line_1_75' title="bbox 143 4276 944 4350; baseline 0.001 -17"><span class='ocrx_word' id='word_1_750' title='bbox 143 4280 250 4350; x_wconf 88' lang='lat' dir='ltr'>publici</span> <span class='ocrx_word' id='word_1_751' title='bbox 270 4278 398 4333; x_wconf 74' lang='lat' dir='ltr'>Ecclesia</span> <span class='ocrx_word' id='word_1_752' title='bbox 419 4276 596 4339; x_wconf 86' lang='lat' dir='ltr'>reconciliari,</span> <span class='ocrx_word' id='word_1_753' title='bbox 612 4291 705 4330; x_wconf 92' lang='lat' dir='ltr'>eorum</span> <span class='ocrx_word' id='word_1_754' title='bbox 725 4277 806 4331; x_wconf 89' lang='lat' dir='ltr'>etiaiu</span> <span class='ocrx_word' id='word_1_755' title='bbox 824 4284 944 4334; x_wconf 90' lang='lat' dir='ltr'>reconci-</span> 
     </span>
     <span class='ocr_line' id='line_1_76' title="bbox 144 4345 942 4417; baseline -0.001 -11"><span class='ocrx_word' id='word_1_756' title='bbox 144 4351 255 4406; x_wconf 90' lang='lat' dir='ltr'>liationi</span> <span class='ocrx_word' id='word_1_757' title='bbox 268 4351 427 4404; x_wconf 91' lang='lat' dir='ltr'>destinatam</span> <span class='ocrx_word' id='word_1_758' title='bbox 441 4362 511 4415; x_wconf 88' lang='lat' dir='ltr'>esse,</span> <span class='ocrx_word' id='word_1_759' title='bbox 523 4347 568 4417; x_wconf 86' lang='lat' dir='ltr'>qui</span> <span class='ocrx_word' id='word_1_760' title='bbox 579 4345 805 4401; x_wconf 85' lang='lat' dir='ltr'>Priscillianoruin</span> <span class='ocrx_word' id='word_1_761' title='bbox 817 4347 942 4406; x_wconf 82' lang='lat' dir='ltr'>ftaeresittr</span> 
     </span>
    </p>
   </div>
   <div class='ocr_carea' id='block_1_8' title="bbox 997 3153 1845 3651">
    <p class='ocr_par' dir='ltr' id='par_1_9' title="bbox 998 3153 1845 3306">
     <span class='ocr_line' id='line_1_77' title="bbox 998 3153 1845 3233; baseline 0.022 -31"><span class='ocrx_word' id='word_1_762' title='bbox 998 3153 1037 3204; x_wconf 83' lang='lat' dir='ltr'>uei</span> <span class='ocrx_word' id='word_1_763' title='bbox 1052 3153 1166 3220; x_wconf 76' lang='lat' dir='ltr'>epistolae</span> <span class='ocrx_word' id='word_1_764' title='bbox 1176 3168 1249 3220; x_wconf 78' lang='lat' dir='ltr'>ntea,</span> <span class='ocrx_word' id='word_1_765' title='bbox 1262 3170 1318 3224; x_wconf 81' lang='lat' dir='ltr'>qna</span> <span class='ocrx_word' id='word_1_766' title='bbox 1332 3156 1368 3208; x_wconf 84' lang='lat' dir='ltr'>ad</span> <span class='ocrx_word' id='word_1_767' title='bbox 1379 3168 1474 3214; x_wconf 85' lang='lat' dir='ltr'>aunette</span> <span class='ocrx_word' id='word_1_768' title='bbox 1486 3162 1668 3218; x_wconf 82' lang='lat' dir='ltr'>reeordationis</span> <span class='ocrx_word' id='word_1_769' title='bbox 1684 3162 1792 3219; x_wconf 84' lang='lat' dir='ltr'>Flntiu-</span> <span class='ocrx_word' id='word_1_770' title='bbox 1843 3228 1845 3233; x_wconf 69' lang='lat'>,</span> 
     </span>
     <span class='ocr_line' id='line_1_78' title="bbox 999 3224 1793 3306; baseline 0.025 -33"><span class='ocrx_word' id='word_1_771' title='bbox 999 3237 1061 3273; x_wconf 91' lang='lat' dir='ltr'>nunt</span> <span class='ocrx_word' id='word_1_772' title='bbox 1084 3224 1231 3293; x_wconf 84' lang='lat' dir='ltr'>episcopum</span> <span class='ocrx_word' id='word_1_773' title='bbox 1250 3233 1288 3278; x_wconf 88' lang='lat' dir='ltr'>est</span> <span class='ocrx_word' id='word_1_774' title='bbox 1309 3227 1415 3291; x_wconf 83' lang='lat' dir='ltr'>directa,</span> <span class='ocrx_word' id='word_1_775' title='bbox 1438 3233 1589 3285; x_wconf 85' lang='lat' dir='ltr'>consentiat.</span> <span class='ocrx_word' id='word_1_776' title='bbox 1607 3233 1640 3287; x_wconf 85' lang='lat' dir='ltr'>Et</span> <span class='ocrx_word' id='word_1_777' title='bbox 1653 3237 1733 3304; x_wconf 85' lang='lat' dir='ltr'>epist.</span> <span class='ocrx_word' id='word_1_778' title='bbox 1747 3238 1793 3306; x_wconf 80' lang='lat'>88,</span> 
     </span>
    </p>

    <p class='ocr_par' dir='ltr' id='par_1_10' title="bbox 997 3293 1794 3651">
     <span class='ocr_line' id='line_1_79' title="bbox 998 3293 1794 3367; baseline 0.018 -23"><span class='ocrx_word' id='word_1_779' title='bbox 998 3307 1070 3345; x_wconf 90' lang='lat' dir='ltr'>nuuc</span> <span class='ocrx_word' id='word_1_780' title='bbox 1084 3294 1145 3357; x_wconf 81' lang='lat' dir='ltr'>lli,</span> <span class='ocrx_word' id='word_1_781' title='bbox 1161 3293 1194 3347; x_wconf 91' lang='lat' dir='ltr'>ad</span> <span class='ocrx_word' id='word_1_782' title='bbox 1208 3294 1343 3350; x_wconf 79' lang='lat' dir='ltr'>lulianum</span> <span class='ocrx_word' id='word_1_783' title='bbox 1360 3297 1436 3367; x_wconf 82' lang='lat' dir='ltr'>(t&#39;np.</span> <span class='ocrx_word' id='word_1_784' title='bbox 1461 3303 1500 3367; x_wconf 76' lang='lat'>5),</span> <span class='ocrx_word' id='word_1_785' title='bbox 1516 3302 1559 3355; x_wconf 80' lang='lat' dir='ltr'>ulii</span> <span class='ocrx_word' id='word_1_786' title='bbox 1574 3301 1609 3357; x_wconf 92' lang='lat' dir='ltr'>de</span> <span class='ocrx_word' id='word_1_787' title='bbox 1628 3304 1721 3360; x_wconf 88' lang='lat' dir='ltr'>rebelli</span> <span class='ocrx_word' id='word_1_788' title='bbox 1736 3323 1794 3361; x_wconf 90' lang='lat' dir='ltr'>rito-</span> 
     </span>
     <span class='ocr_line' id='line_1_80' title="bbox 998 3361 1791 3445; baseline 0.021 -31"><span class='ocrx_word' id='word_1_789' title='bbox 998 3361 1145 3415; x_wconf 91' lang='lat' dir='ltr'>tiarliorum</span> <span class='ocrx_word' id='word_1_790' title='bbox 1163 3364 1365 3420; x_wconf 72' lang='lat' dir='ltr'>Palestinorum</span> <span class='ocrx_word' id='word_1_791' title='bbox 1377 3369 1509 3436; x_wconf 89' lang='lat' dir='ltr'>imperitia</span> <span class='ocrx_word' id='word_1_792' title='bbox 1521 3387 1528 3423; x_wconf 91' lang='lat'><strong>:</strong></span> <span class='ocrx_word' id='word_1_793' title='bbox 1542 3372 1605 3434; x_wconf 82' lang='lat' dir='ltr'>Quen</span> <span class='ocrx_word' id='word_1_794' title='bbox 1614 3376 1636 3427; x_wconf 86' lang='lat' dir='ltr'>si</span> <span class='ocrx_word' id='word_1_795' title='bbox 1647 3374 1680 3427; x_wconf 86' lang='lat' dir='ltr'>ile</span> <span class='ocrx_word' id='word_1_796' title='bbox 1692 3391 1791 3445; x_wconf 83' lang='lat' dir='ltr'>nostru,</span> 
     </span>
     <span class='ocr_line' id='line_1_81' title="bbox 998 3429 1793 3509; baseline 0.023 -26"><span class='ocrx_word' id='word_1_797' title='bbox 998 3433 1085 3498; x_wconf 79' lang='lat' dir='ltr'>inanit</span> <span class='ocrx_word' id='word_1_798' title='bbox 1098 3432 1128 3485; x_wconf 90' lang='lat' dir='ltr'>S.</span> <span class='ocrx_word' id='word_1_799' title='bbox 1143 3429 1209 3496; x_wconf 87' lang='lat' dir='ltr'>Leo,</span> <span class='ocrx_word' id='word_1_800' title='bbox 1225 3443 1299 3500; x_wconf 85' lang='lat' dir='ltr'>pietat</span> <span class='ocrx_word' id='word_1_801' title='bbox 1309 3436 1487 3507; x_wconf 79' lang='lat' dir='ltr'>untiipeudutn</span> <span class='ocrx_word' id='word_1_802' title='bbox 1497 3456 1551 3493; x_wconf 89' lang='lat' dir='ltr'>csse</span> <span class='ocrx_word' id='word_1_803' title='bbox 1565 3442 1793 3509; x_wconf 84' lang='lat' dir='ltr'>doctrino,sellem</span> 
     </span>
     <span class='ocr_line' id='line_1_82' title="bbox 997 3500 1794 3582; baseline 0.023 -29"><span class='ocrx_word' id='word_1_804' title='bbox 997 3500 1080 3554; x_wconf 78' lang='lat' dir='ltr'>beatae</span> <span class='ocrx_word' id='word_1_805' title='bbox 1089 3503 1218 3556; x_wconf 78' lang='lat' dir='ltr'>memoriae</span> <span class='ocrx_word' id='word_1_806' title='bbox 1232 3504 1377 3567; x_wconf 86' lang='lat' dir='ltr'>Atltattosii,</span> <span class='ocrx_word' id='word_1_807' title='bbox 1393 3505 1528 3576; x_wconf 80' lang='lat' dir='ltr'>ttteoptti&#39;ti·</span> <span class='ocrx_word' id='word_1_808' title='bbox 1540 3520 1564 3564; x_wconf 90' lang='lat' dir='ltr'>et</span> <span class='ocrx_word' id='word_1_809' title='bbox 1576 3512 1667 3582; x_wconf 77' lang='lat' dir='ltr'>t‘pti&#39;ltt</span> <span class='ocrx_word' id='word_1_810' title='bbox 1682 3516 1794 3570; x_wconf 78' lang='lat' dir='ltr'>Aterno-</span> 
     </span>
     <span class='ocr_line' id='line_1_83' title="bbox 998 3571 1793 3651; baseline 0.021 -28"><span class='ocrx_word' id='word_1_811' title='bbox 998 3571 1063 3625; x_wconf 84' lang='lat' dir='ltr'>driae</span> <span class='ocrx_word' id='word_1_812' title='bbox 1080 3574 1243 3627; x_wconf 81' lang='lat' dir='ltr'>sacerdotem</span> <span class='ocrx_word' id='word_1_813' title='bbox 1260 3574 1355 3642; x_wconf 85' lang='lat' dir='ltr'>scriptu</span> <span class='ocrx_word' id='word_1_814' title='bbox 1370 3592 1421 3629; x_wconf 89' lang='lat' dir='ltr'>non</span> <span class='ocrx_word' id='word_1_815' title='bbox 1436 3590 1528 3632; x_wconf 85' lang='lat' dir='ltr'>retinet</span> <span class='ocrx_word' id='word_1_816' title='bbox 1550 3596 1559 3633; x_wconf 91' lang='lat'>.·</span> <span class='ocrx_word' id='word_1_817' title='bbox 1582 3598 1639 3635; x_wconf 89' lang='lat' dir='ltr'>eunt</span> <span class='ocrx_word' id='word_1_818' title='bbox 1652 3586 1743 3651; x_wconf 81' lang='lat' dir='ltr'>quibos</span> <span class='ocrx_word' id='word_1_819' title='bbox 1757 3589 1793 3640; x_wconf 87' lang='lat' dir='ltr'>ita</span> 
     </span>
    </p>
   </div>
   <div class='ocr_carea' id='block_1_9' title="bbox 997 3641 1877 3717">
    <p class='ocr_par' dir='ltr' id='par_1_11' title="bbox 997 3641 1877 3717">
     <span class='ocr_line' id='line_1_84' title="bbox 997 3641 1877 3717; baseline 0.022 -25"><span class='ocrx_word' id='word_1_820' title='bbox 997 3641 1060 3708; x_wconf 80' lang='lat' dir='ltr'>fidei</span> <span class='ocrx_word' id='word_1_821' title='bbox 1075 3651 1168 3696; x_wconf 84' lang='lat' dir='ltr'>nostroe</span> <span class='ocrx_word' id='word_1_822' title='bbox 1186 3648 1271 3713; x_wconf 73' lang='lat' dir='ltr'>(ormo</span> <span class='ocrx_word' id='word_1_823' title='bbox 1288 3646 1439 3717; x_wconf 85' lang='lat' dir='ltr'>coircordnt,</span> <span class='ocrx_word' id='word_1_824' title='bbox 1453 3656 1480 3700; x_wconf 91' lang='lat' dir='ltr'>nl</span> <span class='ocrx_word' id='word_1_825' title='bbox 1500 3650 1526 3702; x_wconf 87' lang='lat' dir='ltr'>in</span> <span class='ocrx_word' id='word_1_826' title='bbox 1540 3653 1642 3706; x_wconf 84' lang='lat' dir='ltr'>nullon</span> <span class='ocrx_word' id='word_1_827' title='bbox 1660 3658 1733 3710; x_wconf 81' lang='lat' dir='ltr'>nobis</span> <span class='ocrx_word' id='word_1_828' title='bbox 1751 3658 1792 3711; x_wconf 84' lang='lat' dir='ltr'>tii·</span> <span class='ocrx_word' id='word_1_829' title='bbox 1874 3680 1877 3685; x_wconf 24' lang='grc' dir='ltr'><strong>Δ</strong></span> 
     </span>
    </p>
   </div>
   <div class='ocr_carea' id='block_1_10' title="bbox 996 3715 1865 4426">
    <p class='ocr_par' dir='ltr' id='par_1_12' title="bbox 997 3715 1575 3787">
     <span class='ocr_line' id='line_1_85' title="bbox 997 3715 1575 3787; baseline 0.021 -23"><span class='ocrx_word' id='word_1_830' title='bbox 997 3721 1104 3781; x_wconf 86' lang='lat' dir='ltr'>screpel,</span> <span class='ocrx_word' id='word_1_831' title='bbox 1116 3715 1159 3780; x_wconf 80' lang='lat' dir='ltr'>oni</span> <span class='ocrx_word' id='word_1_832' title='bbox 1171 3731 1198 3766; x_wconf 84' lang='lat' dir='ltr'>se</span> <span class='ocrx_word' id='word_1_833' title='bbox 1211 3715 1263 3769; x_wconf 85' lang='lat' dir='ltr'>illis</span> <span class='ocrx_word' id='word_1_834' title='bbox 1275 3718 1420 3772; x_wconf 85' lang='lat' dir='ltr'>cottaerttire</span> <span class='ocrx_word' id='word_1_835' title='bbox 1430 3720 1575 3787; x_wconf 74' lang='lat' dir='ltr'>profitetur.</span> 
     </span>
    </p>

    <p class='ocr_par' dir='ltr' id='par_1_13' title="bbox 996 3783 1865 4426">
     <span class='ocr_line' id='line_1_86' title="bbox 1034 3783 1793 3865; baseline 0.021 -29"><span class='ocrx_word' id='word_1_836' title='bbox 1034 3783 1110 3851; x_wconf 86' lang='lat' dir='ltr'>Quod</span> <span class='ocrx_word' id='word_1_837' title='bbox 1126 3785 1159 3838; x_wconf 91' lang='lat' dir='ltr'>ad</span> <span class='ocrx_word' id='word_1_838' title='bbox 1174 3795 1280 3856; x_wconf 91' lang='lat' dir='ltr'>ternpus</span> <span class='ocrx_word' id='word_1_839' title='bbox 1295 3787 1409 3843; x_wconf 85' lang='lat' dir='ltr'>conditae</span> <span class='ocrx_word' id='word_1_840' title='bbox 1425 3790 1547 3845; x_wconf 79' lang='lat' dir='ltr'>farinula.</span> <span class='ocrx_word' id='word_1_841' title='bbox 1564 3794 1679 3849; x_wconf 88' lang='lat' dir='ltr'>attinet:</span> <span class='ocrx_word' id='word_1_842' title='bbox 1695 3795 1733 3865; x_wconf 83' lang='lat' dir='ltr'>(a)</span> <span class='ocrx_word' id='word_1_843' title='bbox 1744 3811 1793 3865; x_wconf 89' lang='lat' dir='ltr'>por</span> 
     </span>
     <span class='ocr_line' id='line_1_87' title="bbox 997 3855 1792 3936; baseline 0.02 -30"><span class='ocrx_word' id='word_1_844' title='bbox 997 3866 1030 3907; x_wconf 92' lang='lat' dir='ltr'>ea</span> <span class='ocrx_word' id='word_1_845' title='bbox 1041 3855 1134 3923; x_wconf 90' lang='lat' dir='ltr'>procul</span> <span class='ocrx_word' id='word_1_846' title='bbox 1146 3856 1228 3912; x_wconf 87' lang='lat' dir='ltr'>dubio</span> <span class='ocrx_word' id='word_1_847' title='bbox 1242 3867 1360 3929; x_wconf 87' lang='lat' dir='ltr'>tempora</span> <span class='ocrx_word' id='word_1_848' title='bbox 1374 3861 1472 3930; x_wconf 88' lang='lat' dir='ltr'>scripta</span> <span class='ocrx_word' id='word_1_849' title='bbox 1483 3863 1792 3936; x_wconf 68' lang='lat' dir='ltr'>estonibnsAceplia&#39;o·</span> 
     </span>
     <span class='ocr_line' id='line_1_88' title="bbox 997 3929 1794 4000; baseline 0.023 -23"><span class='ocrx_word' id='word_1_850' title='bbox 997 3939 1057 3978; x_wconf 92' lang='lat' dir='ltr'>runi</span> <span class='ocrx_word' id='word_1_851' title='bbox 1078 3935 1151 3981; x_wconf 89' lang='lat' dir='ltr'>secta</span> <span class='ocrx_word' id='word_1_852' title='bbox 1171 3942 1220 3995; x_wconf 90' lang='lat' dir='ltr'>per</span> <span class='ocrx_word' id='word_1_853' title='bbox 1239 3929 1373 3983; x_wconf 84' lang='lat' dir='ltr'>Drientertt</span> <span class='ocrx_word' id='word_1_854' title='bbox 1394 3931 1576 3999; x_wconf 85' lang='lat' dir='ltr'>grassabatur.</span> <span class='ocrx_word' id='word_1_855' title='bbox 1601 3934 1650 4000; x_wconf 83' lang='lat' dir='ltr'>Qui</span> <span class='ocrx_word' id='word_1_856' title='bbox 1672 3935 1794 3995; x_wconf 81' lang='lat' dir='ltr'>fraereticf</span> 
     </span>
     <span class='ocr_line' id='line_1_89' title="bbox 997 3996 1865 4076; baseline 0.018 -28"><span class='ocrx_word' id='word_1_857' title='bbox 997 4009 1059 4049; x_wconf 92' lang='lat' dir='ltr'>curu</span> <span class='ocrx_word' id='word_1_858' title='bbox 1074 3996 1446 4054; x_wconf 78' lang='lat' dir='ltr'>tilialcedoneoseconcilium</span> <span class='ocrx_word' id='word_1_859' title='bbox 1459 4010 1488 4059; x_wconf 88' lang='lat' dir='ltr'>et</span> <span class='ocrx_word' id='word_1_860' title='bbox 1499 3999 1598 4059; x_wconf 90' lang='lat' dir='ltr'>Leonis</span> <span class='ocrx_word' id='word_1_861' title='bbox 1612 4015 1712 4060; x_wconf 92' lang='lat' dir='ltr'>tomum</span> <span class='ocrx_word' id='word_1_862' title='bbox 1723 4008 1792 4076; x_wconf 87' lang='lat' dir='ltr'>alrji·</span> <span class='ocrx_word' id='word_1_863' title='bbox 1859 4004 1865 4012; x_wconf 84' lang='lat'><strong><em>&#39;</em></strong></span> 
     </span>
     <span class='ocr_line' id='line_1_90' title="bbox 997 4068 1794 4137; baseline 0.015 -18"><span class='ocrx_word' id='word_1_864' title='bbox 997 4076 1101 4132; x_wconf 86' lang='lat' dir='ltr'>ceretii,</span> <span class='ocrx_word' id='word_1_865' title='bbox 1121 4068 1163 4123; x_wconf 86' lang='lat' dir='ltr'>liis</span> <span class='ocrx_word' id='word_1_866' title='bbox 1180 4082 1289 4137; x_wconf 90' lang='lat' dir='ltr'>semper</span> <span class='ocrx_word' id='word_1_867' title='bbox 1301 4070 1501 4126; x_wconf 91' lang='lat' dir='ltr'>conditionibus</span> <span class='ocrx_word' id='word_1_868' title='bbox 1520 4074 1553 4128; x_wconf 91' lang='lat' dir='ltr'>ad</span> <span class='ocrx_word' id='word_1_869' title='bbox 1575 4074 1702 4135; x_wconf 69' lang='lat' dir='ltr'>Ecclesiae</span> <span class='ocrx_word' id='word_1_870' title='bbox 1714 4094 1794 4131; x_wconf 90' lang='lat' dir='ltr'>cont-</span> 
     </span>
     <span class='ocr_line' id='line_1_91' title="bbox 998 4136 1796 4216; baseline 0.018 -25"><span class='ocrx_word' id='word_1_871' title='bbox 998 4136 1153 4193; x_wconf 91' lang='lat' dir='ltr'>muniouem</span> <span class='ocrx_word' id='word_1_872' title='bbox 1175 4139 1281 4194; x_wconf 89' lang='lat' dir='ltr'>inritati</span> <span class='ocrx_word' id='word_1_873' title='bbox 1301 4149 1375 4203; x_wconf 90' lang='lat' dir='ltr'>sont,</span> <span class='ocrx_word' id='word_1_874' title='bbox 1399 4149 1428 4196; x_wconf 90' lang='lat' dir='ltr'>ut</span> <span class='ocrx_word' id='word_1_875' title='bbox 1448 4151 1593 4214; x_wconf 76' lang='lat' dir='ltr'>utrumque</span> <span class='ocrx_word' id='word_1_876' title='bbox 1617 4148 1742 4216; x_wconf 87' lang='lat' dir='ltr'>amplecti</span> <span class='ocrx_word' id='word_1_877' title='bbox 1764 4164 1796 4205; x_wconf 85' lang='lat' dir='ltr'>se</span> 
     </span>
     <span class='ocr_line' id='line_1_92' title="bbox 997 4208 1793 4284; baseline 0.019 -25"><span class='ocrx_word' id='word_1_878' title='bbox 997 4208 1212 4275; x_wconf 89' lang='lat' dir='ltr'>protllereutur:</span> <span class='ocrx_word' id='word_1_879' title='bbox 1232 4208 1303 4281; x_wconf 86' lang='lat' dir='ltr'>quod</span> <span class='ocrx_word' id='word_1_880' title='bbox 1324 4212 1414 4266; x_wconf 90' lang='lat' dir='ltr'>orturia</span> <span class='ocrx_word' id='word_1_881' title='bbox 1436 4228 1506 4280; x_wconf 90' lang='lat' dir='ltr'>pene</span> <span class='ocrx_word' id='word_1_882' title='bbox 1529 4217 1643 4284; x_wconf 87' lang='lat' dir='ltr'>probarit</span> <span class='ocrx_word' id='word_1_883' title='bbox 1663 4217 1793 4274; x_wconf 72' lang='lat' dir='ltr'>Ecclesiae</span> 
     </span>
     <span class='ocr_line' id='line_1_93' title="bbox 996 4282 1795 4355; baseline 0.015 -24"><span class='ocrx_word' id='word_1_884' title='bbox 996 4288 1170 4334; x_wconf 89' lang='lat' dir='ltr'>monumenta</span> <span class='ocrx_word' id='word_1_885' title='bbox 1184 4295 1244 4349; x_wconf 85' lang='lat' dir='ltr'>quae</span> <span class='ocrx_word' id='word_1_886' title='bbox 1259 4294 1415 4351; x_wconf 89' lang='lat' dir='ltr'>supersunt,</span> <span class='ocrx_word' id='word_1_887' title='bbox 1427 4282 1569 4355; x_wconf 87' lang='lat' dir='ltr'>Simplicii,</span> <span class='ocrx_word' id='word_1_888' title='bbox 1582 4286 1691 4349; x_wconf 83' lang='lat' dir='ltr'>Felicis,</span> <span class='ocrx_word' id='word_1_889' title='bbox 1704 4302 1729 4343; x_wconf 91' lang='lat' dir='ltr'>ct</span> <span class='ocrx_word' id='word_1_890' title='bbox 1741 4289 1795 4345; x_wconf 85' lang='lat' dir='ltr'>Ge·</span> 
     </span>
     <span class='ocr_line' id='line_1_94' title="bbox 997 4348 1792 4426; baseline 0.016 -26"><span class='ocrx_word' id='word_1_891' title='bbox 997 4348 1055 4403; x_wconf 89' lang='lat' dir='ltr'>lasii</span> <span class='ocrx_word' id='word_1_892' title='bbox 1071 4349 1225 4418; x_wconf 86' lang='lat' dir='ltr'>pontificum</span> <span class='ocrx_word' id='word_1_893' title='bbox 1239 4351 1428 4416; x_wconf 67' lang='lat' dir='ltr'>{lioruauorum</span> <span class='ocrx_word' id='word_1_894' title='bbox 1445 4357 1610 4422; x_wconf 87' lang='lat' dir='ltr'>temporibus</span> <span class='ocrx_word' id='word_1_895' title='bbox 1626 4359 1736 4426; x_wconf 90' lang='lat' dir='ltr'>scripta.</span> <span class='ocrx_word' id='word_1_896' title='bbox 1751 4360 1792 4414; x_wconf 87' lang='lat' dir='ltr'>Ad</span> 
     </span>
    </p>
   </div>
   <div class='ocr_carea' id='block_1_11' title="bbox 139 4416 1794 4849">
    <p class='ocr_par' dir='ltr' id='par_1_14' title="bbox 142 4416 1793 4563">
     <span class='ocr_line' id='line_1_95' title="bbox 142 4416 1793 4502; baseline 0.007 -27"><span class='ocrx_word' id='word_1_897' title='bbox 142 4421 257 4491; x_wconf 83' lang='lat' dir='ltr'>ejurare</span> <span class='ocrx_word' id='word_1_898' title='bbox 268 4431 295 4475; x_wconf 91' lang='lat' dir='ltr'>et</span> <span class='ocrx_word' id='word_1_899' title='bbox 307 4419 466 4474; x_wconf 83' lang='lat' dir='ltr'>cathitlicam</span> <span class='ocrx_word' id='word_1_900' title='bbox 478 4417 557 4473; x_wconf 86' lang='lat' dir='ltr'>iidem</span> <span class='ocrx_word' id='word_1_901' title='bbox 570 4418 689 4486; x_wconf 86' lang='lat' dir='ltr'>profiteri</span> <span class='ocrx_word' id='word_1_902' title='bbox 702 4416 835 4484; x_wconf 79' lang='lat' dir='ltr'>nolebant,</span> <span class='ocrx_word' id='word_1_903' title='bbox 847 4421 943 4488; x_wconf 75' lang='lat' dir='ltr'>utribus</span> <span class='ocrx_word' id='word_1_904' title='bbox 958 4442 984 4502; x_wconf 66' lang='grc' dir='ltr'>Ι)</span> <span class='ocrx_word' id='word_1_905' title='bbox 998 4418 1077 4487; x_wconf 76' lang='lat' dir='ltr'>liuius</span> <span class='ocrx_word' id='word_1_906' title='bbox 1089 4421 1217 4490; x_wconf 90' lang='lat' dir='ltr'>postremi</span> <span class='ocrx_word' id='word_1_907' title='bbox 1227 4431 1332 4476; x_wconf 81' lang='lat' dir='ltr'>aetatem</span> <span class='ocrx_word' id='word_1_908' title='bbox 1344 4421 1485 4479; x_wconf 89' lang='lat' dir='ltr'>formulam</span> <span class='ocrx_word' id='word_1_909' title='bbox 1493 4426 1723 4498; x_wconf 85' lang='lat' dir='ltr'>refero,quouiam</span> <span class='ocrx_word' id='word_1_910' title='bbox 1735 4431 1793 4487; x_wconf 74' lang='lat' dir='ltr'>liare</span> 
     </span>
     <span class='ocr_line' id='line_1_96' title="bbox 142 4486 1617 4563; baseline 0.005 -19"><span class='ocrx_word' id='word_1_911' title='bbox 142 4507 182 4545; x_wconf 82' lang='lat' dir='ltr'>ea</span> <span class='ocrx_word' id='word_1_912' title='bbox 197 4490 259 4545; x_wconf 78' lang='lat' dir='ltr'>fidei</span> <span class='ocrx_word' id='word_1_913' title='bbox 275 4490 407 4557; x_wconf 76' lang='lat' dir='ltr'>professio</span> <span class='ocrx_word' id='word_1_914' title='bbox 423 4489 579 4560; x_wconf 82' lang='lat' dir='ltr'>praescripta</span> <span class='ocrx_word' id='word_1_915' title='bbox 602 4486 684 4541; x_wconf 91' lang='lat' dir='ltr'>fuerit</span> <span class='ocrx_word' id='word_1_916' title='bbox 698 4488 802 4556; x_wconf 90' lang='lat' dir='ltr'>publice</span> <span class='ocrx_word' id='word_1_917' title='bbox 816 4489 918 4545; x_wconf 87' lang='lat' dir='ltr'>edenda</span> <span class='ocrx_word' id='word_1_918' title='bbox 934 4508 941 4547; x_wconf 92' lang='lat'>:</span> <span class='ocrx_word' id='word_1_919' title='bbox 998 4499 1059 4557; x_wconf 87' lang='lat' dir='ltr'>post</span> <span class='ocrx_word' id='word_1_920' title='bbox 1072 4491 1142 4543; x_wconf 87' lang='lat' dir='ltr'>illins</span> <span class='ocrx_word' id='word_1_921' title='bbox 1156 4492 1282 4560; x_wconf 86' lang='lat' dir='ltr'>epistolas</span> <span class='ocrx_word' id='word_1_922' title='bbox 1295 4493 1393 4548; x_wconf 88' lang='lat' dir='ltr'>inserta</span> <span class='ocrx_word' id='word_1_923' title='bbox 1407 4496 1493 4549; x_wconf 89' lang='lat' dir='ltr'>codici</span> <span class='ocrx_word' id='word_1_924' title='bbox 1510 4497 1617 4563; x_wconf 82' lang='lat' dir='ltr'>legitur.</span> 
     </span>
    </p>

    <p class='ocr_par' dir='ltr' id='par_1_15' title="bbox 139 4557 1794 4849">
     <span class='ocr_line' id='line_1_97' title="bbox 143 4557 1791 4630; baseline 0.009 -19"><span class='ocrx_word' id='word_1_925' title='bbox 143 4578 210 4630; x_wconf 66' lang='lat' dir='ltr'>giras</span> <span class='ocrx_word' id='word_1_926' title='bbox 231 4576 293 4617; x_wconf 89' lang='lat' dir='ltr'>cum</span> <span class='ocrx_word' id='word_1_927' title='bbox 318 4564 345 4614; x_wconf 92' lang='lat' dir='ltr'>iit</span> <span class='ocrx_word' id='word_1_928' title='bbox 370 4559 511 4614; x_wconf 88' lang='lat' dir='ltr'>ritualibus</span> <span class='ocrx_word' id='word_1_929' title='bbox 534 4558 737 4627; x_wconf 88' lang='lat' dir='ltr'>liispauicarum</span> <span class='ocrx_word' id='word_1_930' title='bbox 761 4557 942 4616; x_wconf 85' lang='lat' dir='ltr'>Ecclesarum</span> <span class='ocrx_word' id='word_1_931' title='bbox 1035 4558 1068 4613; x_wconf 88' lang='lat' dir='ltr'>tl.</span> <span class='ocrx_word' id='word_1_932' title='bbox 1080 4559 1211 4630; x_wconf 72' lang='lat' dir='ltr'>Confessio</span> <span class='ocrx_word' id='word_1_933' title='bbox 1221 4562 1284 4630; x_wconf 69' lang='lat' dir='ltr'>fidei</span> <span class='ocrx_word' id='word_1_934' title='bbox 1295 4563 1402 4618; x_wconf 88' lang='lat' dir='ltr'>Dutitnsi</span> <span class='ocrx_word' id='word_1_935' title='bbox 1412 4563 1470 4619; x_wconf 86' lang='lat' dir='ltr'>PP.</span> <span class='ocrx_word' id='word_1_936' title='bbox 1480 4566 1515 4618; x_wconf 83' lang='lat' dir='ltr'>od</span> <span class='ocrx_word' id='word_1_937' title='bbox 1523 4565 1664 4622; x_wconf 87' lang='lat' dir='ltr'>Poniinnnr</span> <span class='ocrx_word' id='word_1_938' title='bbox 1675 4569 1791 4626; x_wconf 74' lang='lat' dir='ltr'>Antimft.</span> 
     </span>
     <span class='ocr_line' id='line_1_98' title="bbox 142 4627 1788 4707; baseline 0.006 -21"><span class='ocrx_word' id='word_1_939' title='bbox 142 4634 227 4686; x_wconf 86' lang='lat' dir='ltr'>ltltris</span> <span class='ocrx_word' id='word_1_940' title='bbox 248 4634 355 4685; x_wconf 83' lang='lat' dir='ltr'>iitnettta</span> <span class='ocrx_word' id='word_1_941' title='bbox 375 4629 455 4686; x_wconf 86' lang='lat' dir='ltr'>inerit</span> <span class='ocrx_word' id='word_1_942' title='bbox 470 4631 541 4685; x_wconf 88' lang='lat' dir='ltr'>inter</span> <span class='ocrx_word' id='word_1_943' title='bbox 553 4636 688 4683; x_wconf 85' lang='lat' dir='ltr'>solciriues</span> <span class='ocrx_word' id='word_1_944' title='bbox 704 4627 778 4684; x_wconf 79' lang='lat' dir='ltr'>ferire</span> <span class='ocrx_word' id='word_1_945' title='bbox 789 4630 807 4684; x_wconf 86' lang='grc'><strong>5</strong></span> <span class='ocrx_word' id='word_1_946' title='bbox 820 4630 846 4683; x_wconf 92' lang='lat' dir='ltr'>iri</span> <span class='ocrx_word' id='word_1_947' title='bbox 860 4632 941 4687; x_wconf 80' lang='lat' dir='ltr'>Coenn</span> <span class='ocrx_word' id='word_1_948' title='bbox 995 4630 1094 4685; x_wconf 82' lang='lat' dir='ltr'>-Snlt</span> <span class='ocrx_word' id='word_1_949' title='bbox 1108 4633 1225 4702; x_wconf 90' lang='lat' dir='ltr'>capitulo</span> <span class='ocrx_word' id='word_1_950' title='bbox 1236 4631 1271 4686; x_wconf 81' lang='grc'>55</span> <span class='ocrx_word' id='word_1_951' title='bbox 1286 4634 1399 4689; x_wconf 87' lang='lat' dir='ltr'>liabetur</span> <span class='ocrx_word' id='word_1_952' title='bbox 1412 4636 1518 4690; x_wconf 89' lang='lat' dir='ltr'>Damasi</span> <span class='ocrx_word' id='word_1_953' title='bbox 1535 4652 1610 4707; x_wconf 82' lang='lat' dir='ltr'>papae</span> <span class='ocrx_word' id='word_1_954' title='bbox 1624 4641 1737 4707; x_wconf 86' lang='lat' dir='ltr'>epistola</span> <span class='ocrx_word' id='word_1_955' title='bbox 1753 4643 1788 4696; x_wconf 88' lang='lat' dir='ltr'>ad</span> 
     </span>
     <span class='ocr_line' id='line_1_99' title="bbox 141 4699 1792 4780; baseline 0.007 -25"><span class='ocrx_word' id='word_1_956' title='bbox 141 4705 256 4756; x_wconf 80' lang='lat' dir='ltr'>inituim</span> <span class='ocrx_word' id='word_1_957' title='bbox 272 4704 339 4757; x_wconf 89' lang='lat' dir='ltr'>ritus</span> <span class='ocrx_word' id='word_1_958' title='bbox 354 4716 386 4756; x_wconf 89' lang='lat' dir='ltr'>ac</span> <span class='ocrx_word' id='word_1_959' title='bbox 400 4714 506 4772; x_wconf 81' lang='lat' dir='ltr'>preces,</span> <span class='ocrx_word' id='word_1_960' title='bbox 524 4707 552 4756; x_wconf 88' lang='lat' dir='ltr'>et</span> <span class='ocrx_word' id='word_1_961' title='bbox 565 4700 659 4754; x_wconf 91' lang='lat' dir='ltr'>eodem</span> <span class='ocrx_word' id='word_1_962' title='bbox 676 4699 750 4768; x_wconf 88' lang='lat' dir='ltr'>loeo,</span> <span class='ocrx_word' id='word_1_963' title='bbox 766 4701 805 4753; x_wconf 91' lang='lat' dir='ltr'>tel</span> <span class='ocrx_word' id='word_1_964' title='bbox 822 4701 901 4767; x_wconf 88' lang='lat' dir='ltr'>alibi,</span> <span class='ocrx_word' id='word_1_965' title='bbox 914 4711 944 4758; x_wconf 93' lang='lat' dir='ltr'>ut</span> <span class='ocrx_word' id='word_1_966' title='bbox 997 4702 1137 4755; x_wconf 85' lang='lat' dir='ltr'>Paulinum</span> <span class='ocrx_word' id='word_1_967' title='bbox 1161 4703 1357 4757; x_wconf 86' lang='lat' dir='ltr'>Antioebetinm</span> <span class='ocrx_word' id='word_1_968' title='bbox 1377 4708 1533 4776; x_wconf 87' lang='lat' dir='ltr'>episcopum</span> <span class='ocrx_word' id='word_1_969' title='bbox 1555 4709 1636 4780; x_wconf 79' lang='grc'>933</span> <span class='ocrx_word' id='word_1_970' title='bbox 1651 4724 1712 4765; x_wconf 93' lang='lat' dir='ltr'>cnm</span> <span class='ocrx_word' id='word_1_971' title='bbox 1734 4710 1792 4767; x_wconf 87' lang='lat' dir='ltr'>far·</span> 
     </span>
     <span class='ocr_line' id='line_1_100' title="bbox 139 4769 1794 4849; baseline 0.007 -22"><span class='ocrx_word' id='word_1_972' title='bbox 139 4775 277 4839; x_wconf 72' lang='lat' dir='ltr'>edituos,</span> <span class='ocrx_word' id='word_1_973' title='bbox 294 4788 392 4826; x_wconf 88' lang='lat' dir='ltr'>nomen</span> <span class='ocrx_word' id='word_1_974' title='bbox 408 4770 548 4841; x_wconf 83' lang='lat' dir='ltr'>Augustini</span> <span class='ocrx_word' id='word_1_975' title='bbox 569 4770 728 4840; x_wconf 84' lang='lat' dir='ltr'>prieteirei:</span> <span class='ocrx_word' id='word_1_976' title='bbox 751 4771 813 4847; x_wconf 81' lang='lat' dir='ltr'>inde</span> <span class='ocrx_word' id='word_1_977' title='bbox 830 4769 945 4829; x_wconf 89' lang='lat' dir='ltr'>fortasse</span> <span class='ocrx_word' id='word_1_978' title='bbox 996 4774 1068 4828; x_wconf 89' lang='lat' dir='ltr'>mula</span> <span class='ocrx_word' id='word_1_979' title='bbox 1082 4771 1145 4827; x_wconf 90' lang='lat' dir='ltr'>fidei</span> <span class='ocrx_word' id='word_1_980' title='bbox 1167 4773 1206 4827; x_wconf 88' lang='lat' dir='ltr'>iili</span> <span class='ocrx_word' id='word_1_981' title='bbox 1220 4788 1338 4830; x_wconf 79' lang='lat' dir='ltr'>annena.</span> <span class='ocrx_word' id='word_1_982' title='bbox 1358 4775 1440 4846; x_wconf 80' lang='lat' dir='ltr'>cajus</span> <span class='ocrx_word' id='word_1_983' title='bbox 1461 4778 1564 4846; x_wconf 89' lang='lat' dir='ltr'>titulus,</span> <span class='ocrx_word' id='word_1_984' title='bbox 1588 4796 1635 4849; x_wconf 85' lang='lat' dir='ltr'>qut</span> <span class='ocrx_word' id='word_1_985' title='bbox 1655 4780 1794 4838; x_wconf 87' lang='lat' dir='ltr'>Paulinum</span> 
     </span>
    </p>
   </div>
   <div class='ocr_carea' id='block_1_12' title="bbox 684 4880 1258 4941">
    <p class='ocr_par' dir='ltr' id='par_1_16' title="bbox 684 4880 1258 4941">
     <span class='ocr_line' id='line_1_101' title="bbox 684 4880 1258 4941; baseline 0.007 -5"><span class='ocrx_word' id='word_1_986' title='bbox 684 4880 965 4941; x_wconf 78' lang='lat' dir='ltr'>ostssutrlloltttn</span> <span class='ocrx_word' id='word_1_987' title='bbox 984 4881 1258 4940; x_wconf 73' lang='lat' dir='ltr'>assonationes.</span> 
     </span>
    </p>
   </div>
   <div class='ocr_carea' id='block_1_13' title="bbox 134 4973 947 5754">
    <p class='ocr_par' dir='ltr' id='par_1_17' title="bbox 134 4973 947 5754">
     <span class='ocr_line' id='line_1_102' title="bbox 187 4973 944 5049; baseline 0 -19"><span class='ocrx_word' id='word_1_988' title='bbox 187 4977 225 5049; x_wconf 71' lang='lat' dir='ltr'>(a)</span> <span class='ocrx_word' id='word_1_989' title='bbox 238 4977 313 5032; x_wconf 87' lang='lat' dir='ltr'>llartc</span> <span class='ocrx_word' id='word_1_990' title='bbox 327 4973 470 5031; x_wconf 88' lang='lat' dir='ltr'>formulam</span> <span class='ocrx_word' id='word_1_991' title='bbox 486 4989 519 5031; x_wconf 84' lang='lat' dir='ltr'>ex</span> <span class='ocrx_word' id='word_1_992' title='bbox 537 4973 636 5030; x_wconf 88' lang='lat' dir='ltr'>Leonis</span> <span class='ocrx_word' id='word_1_993' title='bbox 656 4981 747 5028; x_wconf 89' lang='lat' dir='ltr'>mente</span> <span class='ocrx_word' id='word_1_994' title='bbox 762 4973 890 5045; x_wconf 86' lang='lat' dir='ltr'>scriptam</span> <span class='ocrx_word' id='word_1_995' title='bbox 902 4975 944 5030; x_wconf 90' lang='lat' dir='ltr'>rel</span> 
     </span>
     <span class='ocr_line' id='line_1_103' title="bbox 140 5044 946 5117; baseline 0.001 -17"><span class='ocrx_word' id='word_1_996' title='bbox 140 5050 235 5101; x_wconf 80' lang='lat' dir='ltr'>liotoa</span> <span class='ocrx_word' id='word_1_997' title='bbox 246 5046 507 5117; x_wconf 71' lang='lat' dir='ltr'>Constantinopolim</span> <span class='ocrx_word' id='word_1_998' title='bbox 522 5044 604 5100; x_wconf 90' lang='lat' dir='ltr'>fuisse</span> <span class='ocrx_word' id='word_1_999' title='bbox 619 5045 738 5109; x_wconf 86' lang='lat' dir='ltr'>missam,</span> <span class='ocrx_word' id='word_1_1000' title='bbox 752 5048 793 5100; x_wconf 87' lang='lat' dir='ltr'>rel</span> <span class='ocrx_word' id='word_1_1001' title='bbox 814 5048 946 5101; x_wconf 84' lang='lat' dir='ltr'>Constan-</span> 
     </span>
     <span class='ocr_line' id='line_1_104' title="bbox 138 5116 945 5186; baseline 0.001 -16"><span class='ocrx_word' id='word_1_1002' title='bbox 138 5118 263 5179; x_wconf 81' lang='lat' dir='ltr'>tinopoli</span> <span class='ocrx_word' id='word_1_1003' title='bbox 276 5119 310 5173; x_wconf 87' lang='lat' dir='ltr'>ad</span> <span class='ocrx_word' id='word_1_1004' title='bbox 322 5118 437 5173; x_wconf 84' lang='lat' dir='ltr'>Leonem</span> <span class='ocrx_word' id='word_1_1005' title='bbox 453 5118 582 5170; x_wconf 81' lang='lat' dir='ltr'>directam</span> <span class='ocrx_word' id='word_1_1006' title='bbox 594 5125 674 5185; x_wconf 87' lang='lat' dir='ltr'>atque</span> <span class='ocrx_word' id='word_1_1007' title='bbox 692 5116 833 5170; x_wconf 87' lang='lat' dir='ltr'>abeodem</span> <span class='ocrx_word' id='word_1_1008' title='bbox 847 5131 945 5186; x_wconf 87' lang='lat' dir='ltr'>appro-</span> 
     </span>
     <span class='ocr_line' id='line_1_105' title="bbox 137 5185 946 5256; baseline -0.001 -12"><span class='ocrx_word' id='word_1_1009' title='bbox 137 5190 240 5244; x_wconf 85' lang='lat' dir='ltr'>batam</span> <span class='ocrx_word' id='word_1_1010' title='bbox 260 5201 288 5244; x_wconf 91' lang='lat' dir='ltr'>et</span> <span class='ocrx_word' id='word_1_1011' title='bbox 309 5192 402 5242; x_wconf 89' lang='lat' dir='ltr'>Latine</span> <span class='ocrx_word' id='word_1_1012' title='bbox 416 5188 558 5242; x_wconf 84' lang='lat' dir='ltr'>redditam.</span> <span class='ocrx_word' id='word_1_1013' title='bbox 574 5188 599 5238; x_wconf 92' lang='lat' dir='ltr'>in</span> <span class='ocrx_word' id='word_1_1014' title='bbox 617 5187 719 5256; x_wconf 81' lang='lat' dir='ltr'>aliquot</span> <span class='ocrx_word' id='word_1_1015' title='bbox 739 5185 847 5240; x_wconf 77' lang='lat' dir='ltr'>Larinas</span> <span class='ocrx_word' id='word_1_1016' title='bbox 864 5188 946 5243; x_wconf 88' lang='lat' dir='ltr'>eolle-</span> 
     </span>
     <span class='ocr_line' id='line_1_106' title="bbox 136 5257 944 5327; baseline 0 -16"><span class='ocrx_word' id='word_1_1017' title='bbox 136 5264 255 5313; x_wconf 78' lang='lat' dir='ltr'>rtiones</span> <span class='ocrx_word' id='word_1_1018' title='bbox 269 5260 397 5314; x_wconf 80' lang='lat' dir='ltr'>transisse</span> <span class='ocrx_word' id='word_1_1019' title='bbox 406 5269 539 5327; x_wconf 81' lang='lat' dir='ltr'>potaturis.</span> <span class='ocrx_word' id='word_1_1020' title='bbox 553 5257 618 5310; x_wconf 77' lang='lat' dir='ltr'>Vide</span> <span class='ocrx_word' id='word_1_1021' title='bbox 629 5268 814 5312; x_wconf 77' lang='lat' dir='ltr'>annotationes</span> <span class='ocrx_word' id='word_1_1022' title='bbox 823 5257 849 5312; x_wconf 90' lang='lat' dir='ltr'>iti</span> <span class='ocrx_word' id='word_1_1023' title='bbox 861 5258 944 5326; x_wconf 89' lang='lat' dir='ltr'>ipsam</span> 
     </span>
     <span class='ocr_line' id='line_1_107' title="bbox 137 5327 946 5398; baseline 0.001 -15"><span class='ocrx_word' id='word_1_1024' title='bbox 137 5331 293 5384; x_wconf 78' lang='lat' dir='ltr'>foroiulem</span> <span class='ocrx_word' id='word_1_1025' title='bbox 305 5335 355 5384; x_wconf 88' lang='lat' dir='ltr'>noc</span> <span class='ocrx_word' id='word_1_1026' title='bbox 364 5339 437 5383; x_wconf 88' lang='lat' dir='ltr'>tauto</span> <span class='ocrx_word' id='word_1_1027' title='bbox 447 5330 544 5383; x_wconf 89' lang='lat' dir='ltr'>editam</span> <span class='ocrx_word' id='word_1_1028' title='bbox 555 5342 615 5398; x_wconf 89' lang='lat' dir='ltr'>cap.</span> <span class='ocrx_word' id='word_1_1029' title='bbox 623 5328 658 5382; x_wconf 79' lang='grc'>55</span> <span class='ocrx_word' id='word_1_1030' title='bbox 667 5327 751 5381; x_wconf 87' lang='lat' dir='ltr'>ruistri</span> <span class='ocrx_word' id='word_1_1031' title='bbox 759 5328 870 5382; x_wconf 75' lang='lat' dir='ltr'>cardinis.</span> <span class='ocrx_word' id='word_1_1032' title='bbox 883 5328 946 5385; x_wconf 77' lang='lat' dir='ltr'>lianc</span> 
     </span>
     <span class='ocr_line' id='line_1_108' title="bbox 135 5398 946 5454; baseline 0.001 -1"><span class='ocrx_word' id='word_1_1033' title='bbox 135 5409 241 5453; x_wconf 84' lang='lat' dir='ltr'>antem</span> <span class='ocrx_word' id='word_1_1034' title='bbox 261 5400 376 5453; x_wconf 89' lang='lat' dir='ltr'>formula</span> <span class='ocrx_word' id='word_1_1035' title='bbox 389 5414 441 5453; x_wconf 93' lang='lat' dir='ltr'>uon</span> <span class='ocrx_word' id='word_1_1036' title='bbox 457 5408 497 5453; x_wconf 89' lang='lat' dir='ltr'>cst</span> <span class='ocrx_word' id='word_1_1037' title='bbox 509 5398 695 5453; x_wconf 90' lang='lat' dir='ltr'>coirfundenda</span> <span class='ocrx_word' id='word_1_1038' title='bbox 709 5413 770 5452; x_wconf 89' lang='lat' dir='ltr'>cum</span> <span class='ocrx_word' id='word_1_1039' title='bbox 789 5399 946 5454; x_wconf 90' lang='lat' dir='ltr'>delinitione</span> 
     </span>
     <span class='ocr_line' id='line_1_109' title="bbox 135 5469 945 5538; baseline -0.001 -13"><span class='ocrx_word' id='word_1_1040' title='bbox 135 5469 259 5525; x_wconf 79' lang='lat' dir='ltr'>concilii</span> <span class='ocrx_word' id='word_1_1041' title='bbox 286 5470 522 5535; x_wconf 76' lang='lat' dir='ltr'>etialcedonensis,</span> <span class='ocrx_word' id='word_1_1042' title='bbox 536 5482 643 5538; x_wconf 78' lang='lat' dir='ltr'>pirama</span> <span class='ocrx_word' id='word_1_1043' title='bbox 658 5469 804 5535; x_wconf 82' lang='lat' dir='ltr'>Qiiesuello</span> <span class='ocrx_word' id='word_1_1044' title='bbox 817 5470 945 5525; x_wconf 88' lang='lat' dir='ltr'>omissam</span> 
     </span>
     <span class='ocr_line' id='line_1_110' title="bbox 134 5539 947 5609; baseline 0 -14"><span class='ocrx_word' id='word_1_1045' title='bbox 134 5541 273 5609; x_wconf 82' lang='lat' dir='ltr'>scipoetrti</span> <span class='ocrx_word' id='word_1_1046' title='bbox 288 5556 347 5609; x_wconf 70' lang='lat' dir='ltr'>erip.</span> <span class='ocrx_word' id='word_1_1047' title='bbox 361 5540 396 5595; x_wconf 77' lang='lat' dir='ltr'>sl</span> <span class='ocrx_word' id='word_1_1048' title='bbox 413 5539 532 5605; x_wconf 86' lang='lat' dir='ltr'>ejusdem</span> <span class='ocrx_word' id='word_1_1049' title='bbox 548 5539 650 5594; x_wconf 89' lang='lat' dir='ltr'>codicis</span> <span class='ocrx_word' id='word_1_1050' title='bbox 666 5555 699 5594; x_wconf 87' lang='lat' dir='ltr'>eti</span> <span class='ocrx_word' id='word_1_1051' title='bbox 717 5540 795 5609; x_wconf 80' lang='lat' dir='ltr'>liujus</span> <span class='ocrx_word' id='word_1_1052' title='bbox 809 5542 947 5595; x_wconf 85' lang='lat' dir='ltr'>collectio·</span> 
     </span>
     <span class='ocr_line' id='line_1_111' title="bbox 136 5611 946 5681; baseline 0.002 -16"><span class='ocrx_word' id='word_1_1053' title='bbox 136 5614 193 5665; x_wconf 67' lang='lat' dir='ltr'>riis</span> <span class='ocrx_word' id='word_1_1054' title='bbox 205 5623 271 5666; x_wconf 83' lang='lat' dir='ltr'>iuss.</span> <span class='ocrx_word' id='word_1_1055' title='bbox 281 5612 479 5677; x_wconf 86' lang='lat' dir='ltr'>eietnplaiibus</span> <span class='ocrx_word' id='word_1_1056' title='bbox 493 5611 677 5678; x_wconf 73' lang='lat' dir='ltr'>produximus,</span> <span class='ocrx_word' id='word_1_1057' title='bbox 688 5626 800 5681; x_wconf 80' lang='lat' dir='ltr'>epimone</span> <span class='ocrx_word' id='word_1_1058' title='bbox 813 5613 847 5667; x_wconf 91' lang='lat' dir='ltr'>ab</span> <span class='ocrx_word' id='word_1_1059' title='bbox 862 5613 946 5667; x_wconf 82' lang='lat' dir='ltr'>inter·</span> 
     </span>
     <span class='ocr_line' id='line_1_112' title="bbox 134 5681 703 5754; baseline -0.004 -18"><span class='ocrx_word' id='word_1_1060' title='bbox 134 5681 301 5754; x_wconf 81' lang='lat' dir='ltr'>pretatione</span> <span class='ocrx_word' id='word_1_1061' title='bbox 315 5683 415 5736; x_wconf 75' lang='lat' dir='ltr'>liustie&#39;i</span> <span class='ocrx_word' id='word_1_1062' title='bbox 430 5686 546 5737; x_wconf 79' lang='lat' dir='ltr'>rriarinre</span> <span class='ocrx_word' id='word_1_1063' title='bbox 561 5682 703 5749; x_wconf 81' lang='lat' dir='ltr'>itlctepat.</span> 
     </span>
    </p>
   </div>
   <div class='ocr_carea' id='block_1_14' title="bbox 998 4975 1796 5684">
    <p class='ocr_par' dir='ltr' id='par_1_18' title="bbox 998 4975 1796 5470">
     <span class='ocr_line' id='line_1_113' title="bbox 1034 4975 1796 5052; baseline 0.007 -22"><span class='ocrx_word' id='word_1_1064' title='bbox 1034 4976 1072 5048; x_wconf 79' lang='lat' dir='ltr'>(b)</span> <span class='ocrx_word' id='word_1_1065' title='bbox 1088 4975 1156 5033; x_wconf 83' lang='lat' dir='ltr'>Vide</span> <span class='ocrx_word' id='word_1_1066' title='bbox 1166 4986 1223 5033; x_wconf 91' lang='lat' dir='ltr'>not.</span> <span class='ocrx_word' id='word_1_1067' title='bbox 1236 4979 1252 5032; x_wconf 92' lang='lat'><strong>8</strong></span> <span class='ocrx_word' id='word_1_1068' title='bbox 1264 4978 1290 5032; x_wconf 92' lang='lat' dir='ltr'>iu</span> <span class='ocrx_word' id='word_1_1069' title='bbox 1301 4978 1378 5047; x_wconf 88' lang='lat' dir='ltr'>epist.</span> <span class='ocrx_word' id='word_1_1070' title='bbox 1392 4977 1426 5031; x_wconf 81' lang='lat'>70</span> <span class='ocrx_word' id='word_1_1071' title='bbox 1437 4976 1465 5034; x_wconf 86' lang='lat' dir='ltr'>S.</span> <span class='ocrx_word' id='word_1_1072' title='bbox 1475 4976 1573 5034; x_wconf 83' lang='lat' dir='ltr'>Leonis</span> <span class='ocrx_word' id='word_1_1073' title='bbox 1582 4988 1655 5035; x_wconf 91' lang='lat' dir='ltr'>torno</span> <span class='ocrx_word' id='word_1_1074' title='bbox 1666 4979 1675 5033; x_wconf 93' lang='lat' dir='ltr'>l</span> <span class='ocrx_word' id='word_1_1075' title='bbox 1686 4979 1796 5052; x_wconf 88' lang='lat' dir='ltr'>(Nostro</span> 
     </span>
     <span class='ocr_line' id='line_1_114' title="bbox 998 5045 1796 5120; baseline 0.004 -17"><span class='ocrx_word' id='word_1_1076' title='bbox 998 5057 1061 5103; x_wconf 85' lang='lat' dir='ltr'>font.</span> <span class='ocrx_word' id='word_1_1077' title='bbox 1077 5045 1103 5110; x_wconf 85' lang='lat' dir='ltr'>l,</span> <span class='ocrx_word' id='word_1_1078' title='bbox 1118 5048 1170 5103; x_wconf 86' lang='lat' dir='ltr'>coi.</span> <span class='ocrx_word' id='word_1_1079' title='bbox 1190 5049 1253 5110; x_wconf 77' lang='grc'><strong>895.</strong></span> <span class='ocrx_word' id='word_1_1080' title='bbox 1268 5060 1322 5102; x_wconf 90' lang='lat' dir='ltr'>not.</span> <span class='ocrx_word' id='word_1_1081' title='bbox 1343 5046 1377 5117; x_wconf 79' lang='lat'>¹),</span> <span class='ocrx_word' id='word_1_1082' title='bbox 1393 5047 1437 5102; x_wconf 89' lang='lat' dir='ltr'>ulii</span> <span class='ocrx_word' id='word_1_1083' title='bbox 1461 5047 1533 5102; x_wconf 86' lang='lat' dir='ltr'>lianc</span> <span class='ocrx_word' id='word_1_1084' title='bbox 1553 5049 1688 5115; x_wconf 83' lang='lat' dir='ltr'>Quesuelli</span> <span class='ocrx_word' id='word_1_1085' title='bbox 1708 5060 1796 5120; x_wconf 88' lang='lat' dir='ltr'>optio-</span> 
     </span>
     <span class='ocr_line' id='line_1_115' title="bbox 998 5118 1793 5187; baseline 0.005 -14"><span class='ocrx_word' id='word_1_1086' title='bbox 998 5134 1060 5174; x_wconf 89' lang='lat' dir='ltr'>nem</span> <span class='ocrx_word' id='word_1_1087' title='bbox 1076 5119 1244 5186; x_wconf 88' lang='lat' dir='ltr'>refellentes,</span> <span class='ocrx_word' id='word_1_1088' title='bbox 1261 5118 1427 5173; x_wconf 90' lang='lat' dir='ltr'>ostendimus</span> <span class='ocrx_word' id='word_1_1089' title='bbox 1437 5118 1463 5171; x_wconf 85' lang='grc' dir='ltr'>ιιι</span> <span class='ocrx_word' id='word_1_1090' title='bbox 1479 5118 1592 5186; x_wconf 89' lang='lat' dir='ltr'>epistola</span> <span class='ocrx_word' id='word_1_1091' title='bbox 1608 5119 1654 5184; x_wconf 78' lang='grc'>54,</span> <span class='ocrx_word' id='word_1_1092' title='bbox 1669 5122 1793 5187; x_wconf 77' lang='lat' dir='ltr'>nuncii,</span> 
     </span>
     <span class='ocr_line' id='line_1_116' title="bbox 998 5186 1792 5257; baseline 0.008 -15"><span class='ocrx_word' id='word_1_1093' title='bbox 998 5189 1032 5243; x_wconf 88' lang='lat' dir='ltr'>ed</span> <span class='ocrx_word' id='word_1_1094' title='bbox 1047 5189 1228 5252; x_wconf 84' lang='lat' dir='ltr'>Pulelieriarti,</span> <span class='ocrx_word' id='word_1_1095' title='bbox 1244 5189 1399 5257; x_wconf 84' lang='lat' dir='ltr'>particulam</span> <span class='ocrx_word' id='word_1_1096' title='bbox 1415 5186 1455 5241; x_wconf 84' lang='lat' dir='ltr'>uei</span> <span class='ocrx_word' id='word_1_1097' title='bbox 1467 5201 1516 5256; x_wconf 93' lang='lat' dir='ltr'>pro</span> <span class='ocrx_word' id='word_1_1098' title='bbox 1530 5197 1554 5242; x_wconf 85' lang='lat' dir='ltr'>et</span> <span class='ocrx_word' id='word_1_1099' title='bbox 1569 5203 1584 5243; x_wconf 87' lang='lat' dir='ltr'>a</span> <span class='ocrx_word' id='word_1_1100' title='bbox 1605 5188 1695 5246; x_wconf 84' lang='lat' dir='ltr'>Leone</span> <span class='ocrx_word' id='word_1_1101' title='bbox 1709 5189 1792 5248; x_wconf 86' lang='lat' dir='ltr'>fuisse</span> 
     </span>
     <span class='ocr_line' id='line_1_117' title="bbox 998 5257 1794 5329; baseline 0.008 -16"><span class='ocrx_word' id='word_1_1102' title='bbox 998 5270 1137 5329; x_wconf 89' lang='lat' dir='ltr'>acceptam</span> <span class='ocrx_word' id='word_1_1103' title='bbox 1156 5276 1162 5309; x_wconf 78' lang='lat' dir='ltr'><em>z</em></span> <span class='ocrx_word' id='word_1_1104' title='bbox 1181 5260 1252 5329; x_wconf 80' lang='lat' dir='ltr'>qtrod</span> <span class='ocrx_word' id='word_1_1105' title='bbox 1278 5259 1382 5325; x_wconf 90' lang='lat' dir='ltr'>plenius</span> <span class='ocrx_word' id='word_1_1106' title='bbox 1400 5257 1619 5314; x_wconf 77' lang='lat' dir='ltr'>confirmavimus</span> <span class='ocrx_word' id='word_1_1107' title='bbox 1642 5269 1698 5319; x_wconf 88' lang='lat' dir='ltr'>not.</span> <span class='ocrx_word' id='word_1_1108' title='bbox 1725 5261 1742 5317; x_wconf 84' lang='lat'>5</span> <span class='ocrx_word' id='word_1_1109' title='bbox 1765 5262 1794 5319; x_wconf 92' lang='lat' dir='ltr'>itt</span> 
     </span>
     <span class='ocr_line' id='line_1_118' title="bbox 999 5327 1793 5404; baseline 0.001 -19"><span class='ocrx_word' id='word_1_1110' title='bbox 999 5331 1078 5395; x_wconf 87' lang='lat' dir='ltr'>epist.</span> <span class='ocrx_word' id='word_1_1111' title='bbox 1096 5330 1145 5395; x_wconf 87' lang='lat' dir='ltr'>ot,</span> <span class='ocrx_word' id='word_1_1112' title='bbox 1162 5344 1232 5385; x_wconf 89' lang='lat' dir='ltr'>uuae</span> <span class='ocrx_word' id='word_1_1113' title='bbox 1246 5330 1291 5397; x_wconf 82' lang='lat' dir='ltr'>ot,</span> <span class='ocrx_word' id='word_1_1114' title='bbox 1312 5329 1406 5386; x_wconf 90' lang='lat' dir='ltr'>codem</span> <span class='ocrx_word' id='word_1_1115' title='bbox 1433 5339 1505 5385; x_wconf 87' lang='lat' dir='ltr'>tomo</span> <span class='ocrx_word' id='word_1_1116' title='bbox 1528 5329 1539 5385; x_wconf 94' lang='lat' dir='ltr'>l</span> <span class='ocrx_word' id='word_1_1117' title='bbox 1560 5327 1741 5402; x_wconf 81' lang='lat' dir='ltr'>(Nostrorum.</span> <span class='ocrx_word' id='word_1_1118' title='bbox 1764 5331 1793 5404; x_wconf 89' lang='lat' dir='ltr'>l,</span> 
     </span>
     <span class='ocr_line' id='line_1_119' title="bbox 1000 5400 1247 5470; baseline -0.004 -16"><span class='ocrx_word' id='word_1_1119' title='bbox 1000 5401 1049 5455; x_wconf 86' lang='lat' dir='ltr'>eoi.</span> <span class='ocrx_word' id='word_1_1120' title='bbox 1066 5400 1129 5466; x_wconf 79' lang='lat'>886,</span> <span class='ocrx_word' id='word_1_1121' title='bbox 1140 5409 1195 5454; x_wconf 88' lang='lat' dir='ltr'>tint.</span> <span class='ocrx_word' id='word_1_1122' title='bbox 1212 5401 1247 5470; x_wconf 84' lang='grc' dir='ltr'>ιι).</span> 
     </span>
    </p>

    <p class='ocr_par' dir='ltr' id='par_1_19' title="bbox 1000 5470 1795 5684">
     <span class='ocr_line' id='line_1_120' title="bbox 1036 5470 1794 5543; baseline 0.007 -19"><span class='ocrx_word' id='word_1_1123' title='bbox 1036 5470 1072 5543; x_wconf 89' lang='lat' dir='ltr'>(c)</span> <span class='ocrx_word' id='word_1_1124' title='bbox 1092 5472 1121 5526; x_wconf 84' lang='lat' dir='ltr'>Si</span> <span class='ocrx_word' id='word_1_1125' title='bbox 1143 5473 1200 5527; x_wconf 82' lang='lat' dir='ltr'>linc</span> <span class='ocrx_word' id='word_1_1126' title='bbox 1216 5471 1339 5537; x_wconf 90' lang='lat' dir='ltr'>termula,</span> <span class='ocrx_word' id='word_1_1127' title='bbox 1356 5478 1385 5525; x_wconf 92' lang='lat' dir='ltr'>ut</span> <span class='ocrx_word' id='word_1_1128' title='bbox 1406 5470 1584 5527; x_wconf 82' lang='lat' dir='ltr'>indicarimus</span> <span class='ocrx_word' id='word_1_1129' title='bbox 1604 5471 1707 5529; x_wconf 64' lang='lat' dir='ltr'>nonii</span> <span class='ocrx_word' id='word_1_1130' title='bbox 1723 5471 1794 5542; x_wconf 83' lang='lat' dir='ltr'>(fiae</span> 
     </span>
     <span class='ocr_line' id='line_1_121' title="bbox 1000 5541 1795 5613; baseline 0.013 -19"><span class='ocrx_word' id='word_1_1131' title='bbox 1000 5542 1107 5612; x_wconf 76' lang='lat' dir='ltr'>pagine,</span> <span class='ocrx_word' id='word_1_1132' title='bbox 1120 5552 1173 5595; x_wconf 88' lang='lat' dir='ltr'>net.</span> <span class='ocrx_word' id='word_1_1133' title='bbox 1187 5541 1328 5613; x_wconf 86' lang='lat' dir='ltr'>a),l.cotiis</span> <span class='ocrx_word' id='word_1_1134' title='bbox 1342 5551 1461 5611; x_wconf 91' lang='lat' dir='ltr'>tempore</span> <span class='ocrx_word' id='word_1_1135' title='bbox 1475 5546 1574 5612; x_wconf 90' lang='lat' dir='ltr'>scripta</span> <span class='ocrx_word' id='word_1_1136' title='bbox 1594 5541 1660 5608; x_wconf 91' lang='lat' dir='ltr'>luit,</span> <span class='ocrx_word' id='word_1_1137' title='bbox 1675 5544 1795 5603; x_wconf 87' lang='lat' dir='ltr'>anterior</span> 
     </span>
     <span class='ocr_line' id='line_1_122' title="bbox 1002 5613 1703 5684; baseline 0.013 -18"><span class='ocrx_word' id='word_1_1138' title='bbox 1002 5613 1094 5681; x_wconf 81' lang='lat' dir='ltr'>pracial</span> <span class='ocrx_word' id='word_1_1139' title='bbox 1110 5614 1191 5670; x_wconf 82' lang='lat' dir='ltr'>otiolo</span> <span class='ocrx_word' id='word_1_1140' title='bbox 1206 5613 1403 5684; x_wconf 87' lang='lat' dir='ltr'>Accplialorum</span> <span class='ocrx_word' id='word_1_1141' title='bbox 1414 5614 1512 5671; x_wconf 81' lang='lat' dir='ltr'>naresi</span> <span class='ocrx_word' id='word_1_1142' title='bbox 1525 5614 1637 5671; x_wconf 81' lang='lat' dir='ltr'>dicenda</span> <span class='ocrx_word' id='word_1_1143' title='bbox 1653 5623 1703 5675; x_wconf 85' lang='lat' dir='ltr'>est.</span> 
     </span>
    </p>
   </div>
   <div class='ocr_carea' id='block_1_15' title="bbox 1794 5736 1833 5801">
    <p class='ocr_par' dir='ltr' id='par_1_20' title="bbox 1794 5736 1833 5801">
     <span class='ocr_line' id='line_1_123' title="bbox 1794 5736 1833 5801; baseline 0 0"><span class='ocrx_word' id='word_1_1144' title='bbox 1794 5736 1833 5801; x_wconf 57' lang='lat' dir='ltr'>“a</span> 
     </span>
    </p>
   </div>
   <div class='ocr_carea' id='block_1_16' title="bbox 0 0 2004 6167">
    <p class='ocr_par' dir='ltr' id='par_1_21' title="bbox 0 0 2004 6167">
     <span class='ocr_line' id='line_1_124' title="bbox 0 0 2004 6167; baseline 0 0"><span class='ocrx_word' id='word_1_1145' title='bbox 0 0 2004 6167; x_wconf 95' lang='lat' dir='ltr'> </span> 
     </span>
    </p>
   </div>
  </div>
 </body>
</html>
