4000 6175
143 292 203 353 usi
312 289 465 350 oissuur.
485 288 544 347 titii
562 282 765 358 Qutsutttt.
787 285 832 344 ilii
853 285 1019 348 coucittts
1038 288 1151 357 stuic.
1172 290 1205 348 111
1224 290 1348 350 ustio.
1367 290 1481 351 ciust
1499 293 1620 352 estes.
1716 300 1778 374 *fif

144 412 246 467 iiortrm
258 405 408 464 editoribus
425 403 566 461 recensitis
582 422 590 459 s
607 402 677 473 qnod
698 402 796 457 ibidem
817 403 937 458 isabitum
952 403 1058 469 Arisut
1073 405 1190 475 caespes-i
1205 406 1314 470 uidetur,
1335 408 1384 461 nisi
1398 424 1485 463 cornum
1499 410 1544 479 qut
1566 410 1686 476 baptisati
1709 423 1778 473 sunt,

144 482 247 536 dicitur
264 479 299 533 ab
322 475 429 532 Aurelio
450 474 664 544 Carthaginensi,
686 473 833 527 Donatinno
855 473 937 529 Tele·
990 491 1041 529 non
1056 485 1137 541 potest
1148 492 1213 540 esset
1229 479 1343 548 profecta
1356 480 1451 547 eosqui
1463 496 1513 533 nort
1531 484 1651 547 ioptr'sntr'
1667 488 1779 537 mariun·
1798 512 1821 529 x

166 551 249 614 tensi,
262 547 363 605 statiis
377 545 539 601 ducentiuct
552 545 637 599 tribus
653 544 786 612 episcopis
798 558 830 597 es
851 546 938 598 omrai·
989 554 1031 598 tor
1043 561 1111 600 usare
1127 559 1246 617 perpetua
1261 559 1433 612 consequetur.
1448 549 1514 617 Cep.
1536 552 1567 602 ιι
1586 569 1593 604 :
1618 552 1672 606 sea
1691 563 1778 620 pastro

188 619 312 676 sAfricae
326 616 469 684 gororinciis
491 616 519 669 in
541 629 622 668 unum
646 612 876 669 conuenientibus.
901 615 938 670 iia
988 630 1041 669 nau
1051 616 1188 685 defuerunt
1201 618 1293 686 iratres
1307 621 1352 689 qui
1366 634 1410 673 uas
1423 619 1586 677 aduraancrent
1604 622 1653 676 froc
1665 623 1725 676 iden
1736 622 1777 676 cti-

143 692 246 748 eodem
256 689 337 745 etiam
349 686 460 743 Pirotius
473 684 534 740 cod.
543 683 588 748 53,
600 682 645 740 nbi
654 689 817 752 etcorrupta
829 684 937 741 nomina
989 700 1044 738 scre
1057 685 1189 756 i’elaqiuor
1205 691 1322 753 posuisse,
1339 690 1399 755 quta
1413 690 1444 743 ate
1457 690 1506 741 isra
1517 694 1654 758 questione
1667 694 1703 746 ito
1722 709 1777 759 per·

143 772 176 817 ot
191 761 299 817 ducenti
322 766 438 828 quatuor
460 765 488 811 et
509 754 601 825 rigiuti
624 763 801 809 numerantur
818 754 937 825 episcopi
988 753 1089 809 lriletur
1099 759 1188 811 satians
1199 760 1351 828 respondere
1361 758 1539 825 querentibus,
1549 769 1576 814 ut
1589 760 1778 820 iicecrssmu

143 842 250 903 pretor
263 829 401 886 Aurelium
413 833 441 881 et
460 826 647 881 llonntiauum.
671 822 793 894 maique
813 834 840 879 et
865 826 936 881 idem
988 822 1121 894 baptismo
1135 830 1235 894 paruisti
1255 829 1469 891 morientesque
1487 833 1702 899 antummodo,
1723 849 1777 901 qno

143 912 307 958 annotatum
336 898 465 953 ιιιιιιιιιι
490 895 559 965 apud
582 895 742 963 Prosperum
769 893 938 965 Cisronogra·
988 906 1050 949 eant
1065 897 1285 960 nescienter,
1300 900 1692 969 uenireturequumcaolorum
1706 904 1778 967 scia,-

144 976 245 1043 pbom,
256 969 301 1042 qui
312 967 514 1024 subconsoltsto
536 964 645 1020 lionorii
662 979 709 1030 uti,
730 976 774 1018 en.
794 963 856 1031 tis,
878 974 939 1032 post
987 980 1038 1034 quo
1062 981 1120 1019 ocra
1141 977 1198 1020 caut
1218 984 1245 1021 sc
1257 970 1356 1023 nescire
1369 969 1479 1033 dicebat,
1491 969 1553 1039 quia
1566 969 1651 1025 dicere
1664 989 1715 1026 non
1729 990 1777 1027 uo·

145 1039 408 1114 prioremsynodarn
423 1037 485 1092 anni
497 1034 550 1091 ull
561 1035 730 1097 recensitam,
747 1048 807 1102 que
827 1036 937 1103 probata
988 1034 1064 1088 aciat
1074 1036 1101 1089 in
1114 1048 1219 1091 mortem
1233 1038 1293 1091 iilos
1303 1038 1341 1091 ire
1352 1049 1508 1109 perpetuane,
1533 1055 1596 1108 quos
1609 1052 1632 1095 cr
1648 1041 1691 1095 iic
1710 1044 1776 1097 isitii

144 1129 162 1168 a
181 1112 289 1167 zosimo
300 1110 408 1170 dieitur,
428 1106 503 1162 adiit
515 1112 575 1175 post
591 1104 645 1159 aiis
663 1120 671 1159 s
693 1102 855 1176 Carthaginis
876 1120 939 1158 con·
989 1106 1215 1162 maiirammisisse
1231 1109 1362 1169 sentiebat.
1381 1120 1406 1164 st
1417 1109 1542 1180 oriqiuuic
1559 1113 1668 1165 traxisse
1686 1128 1775 1182 pccca-

144 1182 238 1238 cifirurr
250 1188 339 1235 contra
351 1177 516 1249 Pelagianos.
531 1174 585 1231 Nisi
597 1185 686 1230 tamen
711 1176 768 1230 lime
782 1178 819 1227 sit
840 1179 938 1244 rrrargi·
988 1184 1042 1227 tutu
1056 1191 1107 1228 nou
1121 1176 1301 1232 consentiebat.
1314 1177 1379 1232 cram
1398 1193 1478 1245 porro
1492 1179 1573 1234 istam
1590 1180 1709 1238 fraudem
1723 1198 1777 1239 nors

147 1254 220 1308 natis
234 1250 373 1307 annotatio
397 1264 404 1302 ι
430 1248 529 1317 qnippe
544 1259 604 1316 que
626 1245 653 1298 in
672 1244 729 1299 soie
748 1244 865 1301 editione
885 1260 937 1302 rns.
988 1243 1153 1300 detexissent
1169 1248 1282 1300 Africani
1307 1247 1358 1301 nisi
1383 1257 1441 1313 past
1462 1247 1609 1305 innocentii
1634 1257 1776 1323 rc-cripts,

146 1322 297 1391 Augustani
310 1333 362 1387 ope
376 1326 517 1388 procurata
527 1316 666 1379 trahentur,
677 1322 706 1369 ιιι
716 1324 759 1370 ιιι
769 1316 796 1368 in
810 1314 936 1370 Biblintir.
1008 1323 1102 1384 ostqoe
1115 1314 1242 1379 scriptum
1258 1315 1292 1369 nb
1306 1318 1453 1387 Augustino
1471 1321 1505 1373 de
1518 1318 1607 1375 Gestis
1622 1322 1720 1390 Pelagii
1741 1324 1776 1377 li·

146 1393 204 1448 PP.
221 1393 285 1448 edii.
299 1387 468 1445 Coloniensls
482 1402 545 1441 ann.
560 1385 640 1440 11118.
662 1384 701 1440 En
724 1385 820 1452 qrtibus
840 1383 939 1439 inteili-
988 1329 1087 1464 Bellum
1110 1384 1194 1457 824
1212 1386 1330 1441 nondum
1344 1387 1464 1457 synodus
1482 1401 1657 1458 occurrerat,
1678 1396 1703 1447 in
1723 1408 1777 1457 rqtra

145 1465 223 1533 gitur
244 1476 323 1531 quarn
351 1472 490 1528 perperam
509 1456 639 1511 hactenus
654 1456 824 1511 curtriuderint
844 1469 938 1510 omines
987 1453 1087 1522 aissqnini
1106 1470 1198 1509 cartura
1220 1458 1336 1512 nucitum
1359 1457 1433 1511 iiiam
1456 1462 1625 1520 paruulorum
1648 1464 1707 1517 sine
1731 1464 1778 1515 bn-

146 1535 297 1603 scriptores
311 1523 773 1599 turiusconcilinmcomposteriori,
787 1526 938 1579 srrtumnnie
988 1526 1087 1592 ptismo
1114 1525 1300 1582 decedentium
1315 1527 1402 1581 locum
1426 1526 1531 1582 dedniri
1555 1534 1694 1598 potuisset.
1721 1532 1777 1588 Nee

146 1618 212 1658 eam
229 1616 323 1667 remo,
339 1599 491 1654 Africanum
512 1611 573 1653 com
592 1595 723 1666 plenario,
747 1594 812 1649 iiiod
831 1594 938 1665 cpisco·
990 1609 1037 1661 par
1049 1605 1090 1649 est
1108 1596 1218 1651 credere
1232 1598 1611 1667 antoninatomcaqnastions
1622 1605 1717 1657 irituota
1729 1617 1775 1655 so·

148 1688 247 1744 porum
259 1670 313 1724 uit
327 1683 389 1725 eom
402 1668 454 1723 isto
466 1666 688 1723 itidentistitum.
989 1663 1072 1719 littam
1097 1679 1156 1719 esse
1175 1683 1182 1717 ε
1199 1666 1225 1719 in
1245 1681 1296 1731 qua
1320 1667 1446 1723 uidelicet
1471 1683 1523 1724 trita
1541 1670 1714 1726 exactissime
1736 1673 1778 1727 di·

187 1739 285 1797 fflf.
300 1739 335 1794 tic
345 1753 450 1792 numero
462 1752 588 1791 cononum
601 1736 780 1807 Africanorum
801 1734 833 1788 de
853 1737 937 1805 gratio
951 1770 976 1830 B
988 1749 1079 1788 scussn
1091 1750 1121 1787 ac
1131 1735 1334 1804 diligentissime
1344 1740 1470 1793 ventitare
1481 1750 1543 1794 snut
1553 1743 1643 1796 urania
1654 1742 1686 1796 ad
1698 1743 1776 1797 istun

148 1811 258 1869 &riui
281 1808 427 1865 Necessitas
439 1806 566 1862 condendi
583 1806 688 1860 canonis
708 1806 735 1859 in
749 1805 871 1874 Africana
890 1823 935 1877 ug·
989 1803 1110 1859 baeresim
1128 1807 1295 1870 pertinentia.
1310 1805 1501 1862 Necessitatem
1524 1809 1668 1867 deliniendi
1690 1829 1772 1877 auec·

147 1882 231 1937 nodo.
266 1878 306 1935 De
326 1880 424 1934 sancito
451 1893 546 1932 ommno
574 1875 718 1932 testimonia
743 1876 824 1929 marcii
850 1874 938 1947 Aupu-
988 1872 1034 1928 bat
1052 1875 1122 1943 sqrrod
1140 1890 1201 1930 corn
1220 1877 1373 1946 scripsisset
1396 1878 1519 1947 Pc'agius
1538 1880 1572 1934 ad
1592 1876 1776 1938 turnacensium

143 1954 257 2009 crins-
268 1950 296 2007 t.
312 1949 351 2005 ile
362 1962 473 2004 numero
487 1961 619 2003 canonum
634 1945 844 2018 bojossynniic
862 1958 937 2000 ntro·
988 1946 1129 2012 epistularu
1150 1948 1190 2001 sui
1210 1948 1421 2015 spniogeticam,
1443 1951 1557 2017 piurima
1575 1952 1664 2005 rettulit
1680 1967 1713 2006 cr
1737 1969 1780 2008 re·

148 2024 248 2078 versiae
261 2022 368 2075 occasio
388 2018 507 2073 nascitur
528 2032 561 2074 ex
582 2016 712 2072 uarietate
726 2015 859 2071 codicum.
885 2014 938 2070 Atii
989 2016 1101 2069 cenitari
1122 2014 1236 2086 quadarn
1261 2031 1343 2086 opere
1363 2033 1426 2085 sou,
1453 2018 1549 2082 uiribus
1568 2022 1732 2090 purgantium
1748 2038 1779 2080 so

149 2093 227 2156 eninr
241 2102 304 2146 octo
317 2086 501 2144 tautummodo
521 2096 672 2147 numerant.
692 2096 721 2140 ιιι
735 2088 831 2154 ratqau
855 2086 948 2155 pleri··
990 2085 1144 2209 glenissiute
1160 2087 1348 2154 cristlruairnt,
1369 2096 1396 2143 ct
1419 2090 1515 2157 quibus
1536 2104 1629 2145 revera
1654 2091 1779 2159 imposuit

149 2175 217 2229 que,
233 2161 277 2216 aiii
296 2174 402 2215 uorem.
427 2158 535 2214 Tertius
556 2158 628 2215 euim
650 2158 766 2212 insertus
789 2155 883 2226 iegitur
904 2156 939 2212 do
1013 2157 1113 2218 astuto,
1139 2156 1184 2225 qui
1201 2158 1299 2225 scripte
1318 2157 1362 2212 illa
1386 2173 1437 2212 unu
1461 2160 1520 2213 sine
1545 2161 1633 2214 lartdis
1651 2163 1775 2217 errcomia

151 2233 245 2287 mentio
256 2230 425 2285 beatitudinis
440 2227 500 2284 loco
513 2227 658 2283 linientibus
675 2228 733 2282 sine
748 2227 879 2294 baptismo
891 2226 938 2282 de-
990 2227 1136 2280 trausruisit
1147 2221 1180 2279 sd
1195 2225 1353 2282 Africanus:
1371 2224 1434 2282 Post
1444 2229 1632 2299 interpositam,
1645 2234 1730 2301 inquit
1745 2232 1777 2289 S.

150 2302 313 2357 ιιιιιιιίιιιι
327 2299 454 2355 attributo
472 2314 488 2353 ι
506 2295 666 2367 Pelagisnis,
690 2297 735 2367 qui
755 2312 787 2352 eu
805 2310 937 2351 carnonam
989 2294 1154 2364 Augustinus
1172 2296 1206 2351 de
1221 2296 1296 2352 Pecc.
1318 2297 1431 2367 origin..
1449 2313 1509 2361 ceo.
1528 2298 1571 2366 tit,
1593 2315 1625 2355 er
1639 2299 1779 2372 Eounqeiio

151 2369 402 2441 Cartbagineu-tnm
428 2383 540 2427 numero
568 2367 748 2423 eliminandus
773 2376 880 2435 putatur
904 2368 940 2422 ub
990 2367 1171 2431 testimoniam,
1184 2371 1252 2437 quod
1266 2368 1317 2421 nisi
1331 2378 1555 2439 seruatoresaqua
1569 2378 1593 2422 et
1607 2371 1780 2438 Spiritusne-

150 2441 279 2497 ontuibus
291 2440 463 2496 consciderunt
482 2438 639 2495 editoribus.
656 2436 729 2493 tatis
747 2448 788 2491 est
803 2452 883 2507 porro
894 2451 940 2493 cu·
989 2450 1030 2489 c:n
1044 2451 1149 2506 requam
1161 2440 1283 2491 selorum
1297 2436 1384 2491 nullus
1397 2440 1477 2506 possit
1489 2440 1596 2500 intrare,
1607 2441 1729 2507 adiunxit
1738 2444 1780 2496 di·

150 2527 207 2567 raon
221 2512 272 2567 iste
283 2519 483 2566 controversus:
989 2522 1049 2560 cens
1064 2521 1074 2560 .·
1087 2523 1097 2558 ι
1115 2508 1181 2572 Quis
1195 2508 1239 2563 iile
1249 2517 1302 2562 tam
1318 2508 1416 2577 irupius
1430 2518 1481 2574 est,
1494 2511 1539 2579 qui
1558 2509 1697 2580 cujuslibet
1712 2524 1781 2568 ιιι·

193 2579 256 2635 item
265 2581 372 2653 placuit,
388 2587 415 2634 ut
425 2580 449 2633 ri
460 2577 517 2649 quis
531 2578 592 2632 dicit
602 2578 661 2633 ideo
673 2576 766 2633 diuisus
778 2574 938 2634 Dominum:
990 2574 1025 2630 tis
1048 2577 1158 2644 parvolo
1181 2577 1322 2633 interdices
1348 2592 1516 2635 communem
1542 2580 1652 2635 bornuni
1672 2584 1780 2651 generis

149 2649 274 2707 iudosno
287 2652 371 2706 Patris
385 2648 602 2705 meimansioues
616 2649 704 2703 multae
719 2656 793 2712 suist,
806 2648 940 2702 utintetli·
990 2645 1212 2716 redemptionem,
1239 2657 1267 2703 et
1290 2647 1318 2703 in
1344 2659 1498 2718 perpetuam
1520 2661 1675 2720 ccriernqoe
1697 2659 1778 2707 uitnru

150 2722 341 2793 gaturqrtiain
355 2719 567 2789 requocaiorum
588 2718 636 2773 erit
654 2717 747 2788 stipsis
761 2719 870 2785 aredius,
894 2726 941 2775 aut
990 2726 1178 2773 renascruetet
1193 2733 1253 2773 eum
1269 2719 1409 2786 qairreins
1426 2719 1461 2773 sit
1482 2719 1515 2774 sd
1538 2721 1712 2776 incertamlr
1741 2722 1778 2779 1ιι

150 2792 224 2846 ullus
239 2790 331 2845 eliruli
346 2790 427 2854 bcus,
448 2789 491 2843 uli
512 2787 582 2843 teate
597 2789 682 2843 omont
700 2787 810 2856 paruuli,
829 2791 873 2853 qui
886 2788 941 2843 sine
991 2784 1124 2855 Pelagius.
1139 2789 1204 2854 Ωιι
1226 2789 1306 2842 rerba
1328 2804 1396 2857 pene
1415 2790 1599 2857 imposuerant
1616 2792 1778 2861 Augustino,

151 2861 280 2928 baptismo
297 2875 329 2915 ee
348 2860 397 2914 ltus
418 2860 470 2913 uita
493 2860 646 2928 migrarunt,
662 2858 717 2913 sine
735 2858 817 2929 823
839 2876 889 2928 qua
913 2861 940 2914 in
991 2856 1035 2924 ursi
1051 2857 1167 2911 risonitus
1181 2873 1195 2912 a
1211 2857 1336 2913 fratribus
1355 2859 1515 2929 quibusdam
1527 2859 1705 2916 referentibus
1727 2863 1779 2918 Po·

151 2931 401 3001 reguumcdfarum,
422 2928 491 3000 quod
511 2937 549 2984 ιιι
570 2933 623 2983 rito
641 2939 748 2991 aimon,
770 2931 866 2984 intrare
888 2945 939 2984 nors
991 2925 1090 2994 logium
1104 2925 1193 2982 docere
1213 2929 1321 2983 soiitnru
1337 2929 1371 2983 de
1392 2930 1543 2998 husjusmodi
1569 2931 1697 2998 paruulis,
1722 2934 1779 2998 Quo

151 3012 274 3072 nuent:
285 3003 422 3054 aucturum
433 3001 476 3053 sit.
492 2998 564 3053 Nam
575 3015 634 3053 cum
645 2998 769 3052 Dominus
783 2998 851 3053 dicut
862 3014 872 3053 .·
884 2999 939 3055 riter
991 3012 1043 3048 narr
1051 3007 1110 3051 cunt
1120 2999 1182 3062 scio,
1196 3014 1246 3067 quo
1261 3009 1320 3052 saut
1340 2999 1435 3060 nescio.
1457 3001 1584 3057 intellexit
1599 3017 1644 3068 per
1657 3006 1780 3057 luceriam

152 3071 214 3140 quis
224 3080 330 3127 renatus
345 3068 423 3126 luerit
438 3084 471 3126 ex
491 3084 560 3140 eque
583 3079 609 3125 et
631 3069 732 3139 Spiritu
756 3077 859 3135 sancto,
886 3086 938 3125 non
991 3065 1063 3120 illum
1075 3069 1163 3132 uirum,
1177 3084 1256 3138 qsram
1271 3068 1390 3139 pernulis
1406 3069 1547 3138 tribuebat,
1559 3071 1673 3127 mediato
1686 3089 1780 3142 quarn·

151 3142 262 3198 intrabit
276 3142 303 3197 io
317 3154 427 3211 regnum
442 3142 570 3197 coelorum
586 3157 594 3195 s
609 3143 667 3210 quis
685 3138 824 3195 entheticus
843 3130 975 3195 dubitctC
990 3137 1052 3192 dam
1067 3138 1219 3194 icticiraum
1235 3141 1405 3209 mediumque
1419 3142 1506 3195 iocum
1518 3142 1552 3197 ab
1565 3145 1692 3197 lueretico
1703 3144 1780 3198 intei-

149 3213 302 3281 partcipem
315 3216 369 3276 sara
381 3210 477 3265 diaboli
487 3211 599 3280 snmqui
614 3210 726 3265 coliem
746 3226 797 3263 uon
819 3212 939 3265 meruerit
992 3207 1049 3275 ligi,
1061 3208 1105 3277 quui
1120 3210 1270 3278 bujo-morti
1286 3214 1410 3277 part-tries
1425 3210 1494 3266 inter
1509 3223 1651 3280 regnantes
1665 3213 1690 3267 iu
1710 3218 1780 3269 casto

150 3297 208 3337 esse
222 3281 339 3335 discissi?
363 3281 414 3348 Qui
427 3282 494 3336 euim
508 3283 598 3337 dmtro
619 3290 699 3348 caret,
724 3280 855 3335 mulctram
877 3295 939 3349 pro·
991 3286 1018 3331 et
1032 3280 1171 3333 damnatos
1187 3282 1213 3332 in
1228 3279 1333 3334 inferno
1346 3280 1529 3336 constitueret.
1545 3283 1629 3350 Quem
1643 3291 1715 3337 esset
1730 3299 1779 3338 ne-

150 3353 195 3406 rui
210 3352 288 3404 dubia
300 3354 420 3406 incurret.
990 3352 1135 3401 cessarium
1149 3358 1179 3401 ut
1191 3347 1265 3403 funus
1279 3354 1329 3404 ista
1342 3361 1515 3418 retegeretor,
1530 3363 1610 3419 atque
1625 3353 1651 3407 in
1676 3354 1780 3422 spraud-r

188 3421 274 3488 itujus
288 3422 397 3476 oaunniu
417 3421 600 3492 antiquitatem
624 3420 863 3490 auctoritatemque
879 3420 939 3475 rin·
990 3418 1110 3538 Krouima
1124 3419 1316 3497 decerneretur
1329 3434 1343 3470 a
1361 3419 1484 3474 Patribus
1497 3425 1630 3475 contraria
1643 3422 1779 3487 doctrine,

148 3491 225 3547 (iim
237 3492 323 3546 puerit
334 3491 417 3546 codex
433 3491 479 3557 53,
504 3491 548 3559 qut
563 3491 704 3546 concursum
718 3489 785 3543 stiga
798 3490 938 3560 cqrgqqng.
1011 3501 1050 3539 :nc
1065 3489 1202 3556 Augustini
1217 3487 1296 3542 rerbr
1312 3489 1480 3552 postnrodunr
1495 3492 1594 3558 scripta
1605 3489 1779 3560 sigruticantz

149 3575 237 3616 nense
254 3562 382 3616 eroiteus
402 3575 434 3615 ac
454 3561 586 3630 relegens,
610 3560 667 3617 truc
692 3561 792 3616 lrabet:
815 3560 936 3626 ilamrrut,
989 3552 1090 3625 itaque.
1108 3559 1203 3625 inqiut,
1217 3567 1240 3610 st
1253 3557 1304 3610 isto
1318 3559 1373 3628 ejus
1395 3558 1469 3611 coia
1488 3558 1597 3612 iiomaor
1618 3576 1665 3627 pro
1683 3573 1778 3629 mopso

149 3632 249 3700 inquit,
265 3635 319 3685 trec
331 3633 443 3700 sqnodus
453 3646 495 3685 sas
510 3630 553 3702 qui
563 3637 680 3684 assuunt
696 3629 824 3684 Adnmum
841 3639 939 3684 marta-
988 3628 1046 3697 ejus
1060 3634 1210 3694 purgatione
1221 3628 1381 3691 transmissa,
1396 3637 1449 3680 taur
1462 3638 1521 3682 srtrrt
1534 3629 1663 3699 emtique,
1679 3639 1779 3699 utpot-

148 3700 202 3756 tem
216 3717 269 3755 etse
290 3702 429 3765 canditum,
454 3716 505 3753 riou
526 3710 610 3754 uotam
627 3700 839 3768 praeoariaatinnis
861 3716 938 3755 causa
988 3698 1038 3748 siut
1052 3712 1138 3750 corum
1149 3698 1262 3769 deportati
1272 3695 1385 3763 prebere
1397 3697 1515 3762 tattouta,
1527 3699 1595 3752 uude
1607 3699 1641 3752 ad
1651 3701 1779 3755 institas·

147 3780 233 3825 morte
243 3773 400 3824 mulctntuur.
414 3769 539 3825 Similiter
551 3782 574 3825 ct
588 3786 630 3823 eos
644 3770 687 3836 qui
700 3784 787 3824 recem
809 3777 885 3823 uotas
898 3771 938 3824 in·
988 3764 1050 3819 dum
1062 3768 1177 3838 prosiliol
1191 3769 1323 3822 loetoicur
1336 3783 1434 3825 troius.
1448 3769 1551 3839 quousm
1562 3769 1637 3823 ottilo
1654 3770 1781 3825 misteriis

148 3842 236 3913 fantes
249 3841 374 3910 baptismo
388 3841 491 3895 minime
511 3840 624 3910 indigere
645 3839 767 3898 dicerent.
789 3841 856 3906 quod
877 3840 937 3895 iiior
987 3838 1031 3903 qui
1054 3836 1135 3892 soleat
1159 3842 1320 3907 respondere,
1342 3847 1462 3905 tauquam
1481 3838 1509 3893 in
1527 3838 1667 3892 solitudine
1679 3842 1774 3906 oiiqrris

149 3920 256 3979 peccato
269 3913 351 3980 origin
361 3927 374 3965 s
385 3925 416 3965 eu
434 3908 533 3962 Asiamo
547 3925 598 3962 nors
612 3917 730 3979 putarent
748 3910 881 3965 ornamus.
898 3911 936 3966 Eu
987 3906 1113 3960 inuenitur
1126 3908 1253 3976 iotirmss.
1269 3909 1302 3962 Et
1314 3923 1406 3963 reuera
1418 3907 1452 3964 de
1462 3909 1512 3962 lroc
1522 3908 1604 3963 tat-sc
1614 3913 1775 3978 rescriptum

149 3980 208 4035 duo
221 3982 297 4047 primi
311 3994 438 4037 canones.
453 3979 571 4034 tertium
587 3991 667 4048 porro
680 3979 715 4035 ite
732 3979 859 4035 contnuo
873 3980 938 4034 sub·
988 3974 1100 4031 Romam
1115 3981 1150 4032 ιι
1162 3979 1294 4034 Africanis
1311 3980 1338 4033 in
1353 3977 1578 4049 consequentibus
1597 3990 1710 4035 testator
1723 3986 1778 4037 Aa·

148 4050 240 4120 jungit
261 4069 269 4106 s
296 4051 346 4105 iios
369 4065 467 4119 quaque
482 4051 525 4119 qui
547 4050 702 4121 affirmarent
726 4049 809 4103 media
826 4050 938 4121 quadum
986 4047 1110 4115 gostinus
1123 4049 1235 4103 serbisa
1252 4047 1436 4115 nobissaepios
1449 4051 1600 4118 descriptis.

149 4123 210 4175 ioca
220 4121 369 4189 paradisum
382 4119 448 4173 inter
460 4133 484 4174 st
497 4118 593 4187 inferos
608 4136 660 4174 non
672 4119 811 4187 baptizatas
823 4122 937 4179 inianter
1022 4117 1050 4173 1.
1063 4121 1179 4174 sanctos
1193 4120 1275 4188 igitur
1287 4120 1460 4188 Augustinus,
1475 4120 1534 4175 loco
1543 4118 1634 4182 citato,
1645 4118 1695 4173 sed
1707 4134 1779 4189 pras·

148 4190 224 4245 scau
235 4190 314 4245 rium
327 4205 338 4245 .·
352 4204 397 4243 ser
418 4190 479 4243 uem
502 4189 555 4244 aiio
577 4189 618 4243 lris
637 4189 722 4260 affinia
741 4190 835 4255 capita,
850 4205 937 4260 ques
986 4189 1081 4245 terrim
1092 4188 1155 4244 eliis
1169 4193 1233 4243 locis
1249 4188 1360 4258 jamiam
1382 4187 1530 4244 referendis
1550 4189 1620 4245 istud
1637 4189 1779 4246 milatium

149 4257 368 4342 Pelapiautstirst
384 4256 539 4313 deterioris
554 4262 700 4323 traduntur,
713 4257 873 4314 anatismats
884 4259 938 4315 Pa·
987 4256 1071 4315 foisse
1091 4259 1247 4315 clarissimis
1263 4259 1352 4314 uerbis
1365 4258 1507 4341 significat.
1528 4259 1586 4314 tii.
1602 4276 1617 4313 u
1628 4259 1663 4315 do
1677 4261 1775 4313 Aruima
1813 4263 1819 4272 ’

148 4337 203 4383 trss
212 4327 431 4398 promtuarium
445 4328 542 4385 seculo
553 4329 641 4384 floruit
652 4327 763 4384 Pirotius
774 4344 781 4383 r
792 4343 871 4398 qrrem
885 4331 935 4387 sibi
987 4338 1013 4383 ot
1023 4328 1082 4399 ejus
1095 4330 1213 4399 Origine,
1233 4343 1293 4397 esp.
1307 4329 1334 4393 9,
1348 4328 1440 4384 scribit
1453 4339 1561 4385 sanctas
1574 4330 1669 4385 doctor
1687 4344 1695 4383 t
1712 4327 1777 4384 Non

148 4399 184 4450 de
198 4401 307 4469 optimae
321 4408 391 4451 note
401 4398 760 4467 antiquitatisqoocodicibus
775 4400 933 4469 prouidisse,
987 4400 1121 4466 baptisatis
1138 4399 1251 4470 paruulis
1266 4413 1339 4453 neruo
1357 4398 1486 4469 promittat
1504 4400 1572 4453 inter
1586 4400 1778 4454 damnationem

148 4468 427 4537 aemnrdubuobitqui
440 4469 495 4522 riri·
504 4470 609 4524 noterit
622 4468 771 4525 doctrinam
780 4481 808 4525 et
826 4472 936 4527 incolit·
950 4484 1143 4561 „reputantque
1153 4471 1275 4523 cetorum
1285 4469 1376 4537 quictis
1386 4470 1425 4522 oet
1436 4467 1568 4538 satietatis
1586 4471 1719 4534 cajouioet
1734 4483 1776 4524 a·

149 4537 247 4604 gendis
262 4538 336 4592 libris
351 4539 519 4593 indtrstrium.
1008 4555 1038 4593 ue
1051 4538 1155 4592 ubilibet
1163 4539 1237 4608 quari
1250 4539 1361 4593 mettium
1373 4539 1467 4591 iocum.
1485 4535 1544 4592 Hor
1562 4541 1629 4592 euim
1647 4538 1683 4594 cir
1701 4542 1778 4595 eiiaut

184 4605 213 4658 Ξ.
228 4606 411 4661 Perseiustum
423 4607 541 4662 codicem
556 4606 667 4663 laudent
686 4606 867 4664 Consiliorum
882 4610 939 4666 edi·
988 4555 1007 4661 Ζ

147 4681 234 4740 ιιιιι,
249 4674 276 4728 in
290 4690 342 4745 qno
354 4691 484 4732 canonem
495 4678 570 4731 ilium
583 4678 713 4747 legerunt,
728 4688 755 4734 et
774 4678 869 4736 exinde
889 4695 938 4735 cu·
990 4678 1110 4744 eiusdem
1126 4678 1202 4733 libri:
1220 4676 1350 4740 Nouelios,
1369 4677 1463 4743 inquit,
1479 4677 1613 4732 sonticas
1624 4676 1778 4749 Pelagianos

147 4755 245 4798 rurartt
256 4746 352 4801 excudi
367 4748 421 4800 stro
431 4747 586 4802 charactere
598 4748 764 4804 distinctum.
984 4748 1127 4817 justioimc
1141 4747 1305 4802 conciliorum
1317 4747 1501 4801 catlrois‘corum
1515 4757 1539 4801 et
1550 4748 1617 4802 sedis
1627 4752 1777 4812 apostolica

185 4812 215 4868 ὅ.
228 4814 445 4870 Necessituseret
460 4816 612 4886 hujusmodi
633 4817 770 4873 sanciendi
782 4820 893 4873 castonis
904 4833 938 4875 eo
989 4817 1119 4874 damnarit
1139 4820 1289 4884 auctoritas,
1313 4834 1344 4872 eo
1367 4818 1435 4886 qued
1451 4819 1508 4871 ausi
1521 4820 1616 4884 furunt
1631 4836 1683 4874 noo
1698 4820 1779 4887 bapti·

148 4896 341 4955 temporeque
362 4885 526 4941 celebratum
551 4897 594 4943 esi
619 4887 771 4942 autumnale
794 4889 959 4955 concilium,
988 4889 1253 4957 uarisparouiisriure
1281 4888 1355 4942 uictis
1367 4898 1390 4940 et
1400 4888 1490 4942 salotis
1506 4889 1589 4942 losum
1602 4890 1678 4945 eiinur
1689 4901 1780 4958 preter
1885 4899 1887 4903 ’

147 4953 315 5009 Αιιίιιιιιιιιι.
331 4954 462 5010 11ιιιιιιιι·
474 4955 659 5012 etrimdetecte
671 4968 728 5013 erat
741 4957 777 5011 sb
789 4959 938 5028 Artgustino
990 4960 1241 5029 reguomcoelorrrot.
1263 4906 1303 5013 zm
1328 4957 1546 5014 manifestissime
1567 4961 1703 5027 designata
1723 4962 1779 5013 struo

146 5021 253 5101 fatiscis
265 5023 441 5080 confessionis
453 5025 603 5097 Pelagiane
620 5028 648 5081 iu
664 5028 780 5083 concilio
793 5027 937 5082 Paimstino
991 5027 1118 5082 Africana
1131 5029 1243 5083 concilia
1265 5029 1292 5082 in
1313 5029 1409 5097 quotus
1433 5029 1556 5083 conditos
1579 5031 1778 5097 publicatoque

146 5092 256 5148 eurise
269 5094 340 5149 circa
360 5094 491 5164 originale
506 5107 641 5166 ριιιιιιιιιι
667 5106 817 5170 statumque
839 5113 938 5165 parru-
989 5110 1107 5152 canones
1126 5100 1323 5154 contendimus.
1345 5099 1384 5152 En
1403 5097 1501 5152 Zosimi
1520 5098 1661 5164 epistotam
1679 5099 1778 5150 inuisus·

148 5162 236 5216 lorum
247 5164 306 5219 sine
320 5173 429 5234 peccato
440 5164 636 5223 decedentium.
652 5166 828 5222 bamunarcrat
839 5169 938 5237 quiippe
989 5176 1056 5230 ram,
1069 5182 1129 5235 qote
1144 5170 1166 5222 si
1181 5178 1308 5234 exstaret,
1325 5169 1446 5222 abstrusa
1460 5167 1551 5237 procul
1566 5166 1648 5221 dubio
1664 5165 1778 5237 pturirns

145 5230 274 5303 Pelagius
287 5233 357 5289 banc
375 5235 595 5305 propositionem.
613 5236 687 5303 Quas
700 5240 821 5307 insaniter,
839 5238 939 5292 etiamsi
989 5237 1153 5308 patefaceret
1165 5239 1302 5310 mysteria.
1316 5237 1398 5309 825
1411 5233 1451 5291 En
1465 5235 1604 5291 materiam
1616 5240 1727 5291 castonis
1742 5237 1776 5292 ιιι

145 5318 200 5383 uon
215 5306 383 5373 irrptiarursr,
403 5306 495 5360 balent
513 5308 592 5361 situm
605 5317 813 5377 eternumque
833 5311 937 5374 subjecta
989 5324 1042 5377 quo
1059 5309 1173 5377 qrraestio
1194 5317 1236 5363 est
1258 5307 1367 5363 disertis
1391 5307 1480 5363 uerbis
1499 5306 1675 5375 explicatum
1700 5307 1777 5360 nulio

146 5373 187 5427 au
201 5372 288 5427 tuero
300 5374 497 5431 erconuartsm
508 5376 595 5432 inerat
606 5378 756 5446 amplexos.
767 5378 804 5431 As
817 5395 863 5446 per
876 5381 935 5443 ins,
988 5378 1060 5433 enim
1073 5392 1177 5433 canone
1190 5379 1245 5432 aiio
1265 5378 1368 5434 medios
1389 5377 1436 5433 ille
1457 5376 1556 5443 quietis
1568 5384 1596 5430 et
1609 5375 1780 5431 beatitudinis

146 5441 234 5512 inquit
248 5444 278 5499 S.
293 5447 454 5516 Aogssstinns
465 5446 500 5501 sle
513 5446 590 5502 Pecu.
599 5446 782 5516 originem.
794 5447 841 5512 su.
851 5463 937 5517 queror·
989 5452 1162 5518 paruulorum
1174 5448 1249 5504 locris
1264 5449 1429 5518 proscriptos
1443 5447 1561 5517 iegitur:
1581 5445 1617 5500 its
1631 5456 1659 5500 ut
1673 5449 1715 5501 uel
1729 5447 1780 5502 bos

145 5516 184 5564 otc
198 5521 321 5567 manunt
335 5525 442 5570 marum
453 5516 617 5586 paruulorum
634 5520 689 5571 uns
710 5517 829 5587 baptismi
846 5534 935 5572 socra-
989 5531 1043 5573 rrno
1056 5517 1197 5588 Augustini
1209 5519 1363 5575 testimonio
1373 5528 1477 5574 certum
1499 5517 1536 5572 sit
1551 5527 1579 5572 et
1601 5516 1701 5572 invicte
1714 5531 1779 5583 pro·

145 5596 188 5633 mc
198 5594 233 5635 no
246 5598 278 5637 sss
291 5585 338 5637 irae
351 5585 403 5640 rita
414 5587 579 5657 migrantium
591 5596 677 5653 operis
686 5587 795 5641 notauit
809 5588 935 5656 confieri,
988 5588 1080 5644 batum
1096 5605 1143 5657 pro
1154 5589 1270 5658 genuino
1279 5602 1382 5644 cunone
1393 5587 1544 5648 babendum
1556 5602 1616 5642 esse
1626 5601 1687 5642 eom
1701 5601 1781 5655 qrreur

144 5663 232 5733 tomara
247 5655 279 5704 sic
293 5655 543 5710 itfosoiiiritudiueru
556 5667 670 5711 uestram
684 5658 758 5720 qiuari
776 5668 845 5711 ssrtn
859 5674 888 5712 ra
900 5660 937 5712 io·
990 5670 1018 5714 ut
1032 5660 1196 5727 utliectitiuur
1208 5660 1332 5730 ..blegent
1347 5659 1478 5727 plerique.
1497 5657 1553 5710 ilorr
1564 5657 1673 5722 irrsupcr
1685 5672 1719 5712 cu
1733 5672 1782 5711 eo·

144 5720 391 5779 anattasolatatur.
418 5726 570 5782 mcaianuus
585 5729 653 5781 caim
667 5743 676 5781 .·
691 5726 721 5783 Si
736 5736 859 5793 perpetua
874 5729 934 5799 rito,
988 5728 1050 5785 deun
1074 5730 1125 5786 bre
1148 5730 1234 5787 sancti
1258 5731 1376 5785 doctoris
1397 5728 1459 5785 loco
1482 5726 1582 5784 babere
1603 5727 1668 5784 miri
1691 5727 1782 5782 uideor

1009 4609 1094 4662 atesis
1113 4606 1257 4677 Pcfaqiana
1277 4608 1403 4677 promisit.
1425 4607 1529 4662 Clarius
1555 4608 1643 4662 edlruc
1659 4621 1720 4677 cap.
1743 4610 1778 4664 fd
