4000 6175
144 230 193 283 dil
378 224 490 280 coust
510 223 671 281 cumubstt
693 221 880 281 ecclesiis
895 223 1185 283 oossrtrcscttust
1205 223 1234 278 5.
1254 221 1351 280 scots
1370 221 1536 280 brosson.
1708 227 1760 284 ibt)

142 351 201 393 mm
216 347 344 406 protecta
357 340 501 399 emisistis,
515 337 537 390 si
551 337 642 403 potius
656 333 707 388 boc
718 344 851 405 presettte
864 351 927 408 pro·
935 347 960 405 Α
974 340 1158 396 miscerecum
1169 336 1288 409 perlldis,
1301 335 1447 393 secondum
1461 334 1602 408 synodum,
1617 345 1625 373 ¹
1640 350 1692 405 qua
1703 336 1759 395 bec

137 440 221 510 priam
237 446 328 493 tenent
339 439 399 493 sine
411 440 465 494 ulla
477 426 675 508 perturbatimte
690 450 840 490 utcnsuram
851 442 876 489 ⁴.
974 438 1017 485 est
1034 429 1158 485 damnma
1174 426 1298 498 pcrlldia,
1319 442 1372 482 non
1392 429 1535 498 oportebat
1548 426 1672 483 excludil
1691 427 1761 496 Quid

169 530 236 585 Car.
253 530 310 586 l'll.
325 559 363 576 -
382 532 436 588 Sed
452 532 555 583 dtcatur
570 520 681 581 lorsitan
695 521 924 580 deblexandriuo
974 533 1024 589 pcr
1040 527 1125 574 tolum
1141 518 1277 574 Orientem
1290 516 1324 572 de
1339 515 1486 572 innumeris
1507 516 1617 573 urbibus
1631 519 1700 589 pulsi
1712 532 1760 576 ca·

136 631 162 677 et
174 623 358 688 Antiocheno,
370 633 498 681 certtset
510 616 599 672 causis
612 615 758 686 principem
773 615 859 686 magis
877 614 923 670 ille
976 611 1068 667 tltolici
1078 610 1243 676 sacerdotes,
1254 617 1282 667 el
1292 609 1412 666 iteretici
1431 608 1583 680 subrogati?
1593 608 1674 667 llorss
1687 621 1762 669 certe

133 727 195 782 qnae
218 721 295 783 gesta
318 719 398 777 sunt,
420 707 505 764 buon
526 708 652 765 Acacium
675 709 845 780 precepisse.
870 708 925 765 seu
978 700 985 751 i
1005 710 1083 757 erant
1096 715 1195 766 cause,
1205 710 1233 756 ct
1243 699 1286 755 bis
1295 706 1490 769 cousequenter
1504 714 1574 756 noua
1588 701 1707 772 spootlus
1716 703 1764 759 de·

133 804 251 874 principi
270 803 418 859 christiano
436 801 563 859 decuerat
580 815 724 871 suggerere
741 799 924 864 sacerdotem,
976 790 1100 848 bebatur.
1113 791 1168 887 Cor
1181 797 1244 847 tunc
1257 805 1311 846 non
1323 793 1396 847 senis
1408 790 1435 845 in
1447 798 1575 858 montem,
1586 792 1652 847 otiu
1664 792 1764 850 talibus

132 895 254 950 maxime
266 894 345 964 cujus
358 891 539 948 iamlliarltate
560 899 587 947 et
606 890 698 946 latore
712 888 859 952 fruebatur.
873 888 927 943 sal·
976 886 1064 941 causis
1071 884 1357 955 petereturapriucipe
1366 884 1461 941 saltem
1471 883 1673 958 qualiscumque
1682 900 1765 961 spuo·

133 1000 192 1038 ram
210 983 271 1038 lore
291 987 325 1038 de
344 982 404 1051 eins
423 980 522 1051 iniuria
541 978 756 1048 contumeliaque
770 976 925 1041 uindictam,
976 977 1028 1033 dtts
1047 976 1217 1045 celebranda,
1238 985 1267 1033 ot
1285 991 1444 1048 quocunqne
1463 978 1505 1035 tel
1523 976 1644 1034 colorato
1661 979 1764 1050 judicio

133 1084 240 1129 tantum
255 1083 286 1129 ut
300 1072 426 1127 scelesta
442 1073 542 1125 sineret
557 1069 718 1125 christianus
737 1068 862 1137 princeps
882 1081 926 1123 re·
979 1067 1129 1122 traditionis
1143 1068 1333 1124 ecclesiastice
1347 1068 1445 1139 passim
1458 1068 1598 1139 pontiilces
1607 1071 1764 1129 riderentur

132 1163 208 1233 gulas
223 1161 376 1218 custodiri:
396 1160 457 1230 quia
477 1166 506 1214 et
526 1173 595 1215 nora
616 1157 643 1214 in
665 1166 780 1229 utroque
801 1156 928 1228 pontillce
978 1154 1114 1224 texetust,
1126 1159 1275 1215 consulum
1290 1173 1507 1231 quarumcunque
1520 1161 1626 1221 urbium
1638 1163 1765 1220 sacerdo·

132 1271 214 1312 causa
230 1263 305 1312 esset
319 1263 427 1317 exorta,
448 1263 476 1307 et
497 1267 596 1307 nonam
616 1251 811 1317 discussionem
829 1264 926 1306 conse·
979 1259 1036 1317 tes,
1052 1251 1099 1307 sed
1119 1252 1318 1324 metropolitici
1341 1254 1524 1311 incunctanter
1543 1257 1694 1314 antistitesi
1717 1257 1766 1315 llis

133 1353 253 1413 quenter
269 1345 429 1413 inquireret.
454 1341 489 1397 Et
502 1342 540 1404 si.
563 1342 633 1397 sicut
653 1356 760 1411 semper
777 1350 848 1398 essct
861 1341 927 1397 ebe·
979 1345 1103 1401 omnibus
1115 1360 1177 1401 cum
1196 1361 1249 1401 nun
1274 1346 1371 1402 restitit
1392 1348 1572 1418 suggestione,
1593 1364 1645 1420 qua
1659 1351 1765 1422 potuit,

46 1423 50 1435 ’
134 1448 207 1491 ctum
223 1447 251 1503 ²,
266 1434 427 1492 sacerdotati
441 1433 557 1489 cottcilio
575 1434 609 1488 de
627 1433 812 1489 sacerdotibus
827 1432 928 1502 judicia
978 1439 1115 1492 consensit
1131 1439 1243 1493 scaelus
1253 1437 1475 1493 communicando
1484 1439 1598 1507 cunctis,
1613 1441 1657 1510 qui
1672 1441 1700 1496 in
1719 1455 1766 1498 cs·

135 1529 323 1593 provenirent,
336 1540 417 1581 nona
429 1525 551 1581 saeculari
565 1526 720 1581 riderentur
731 1526 930 1596 qualescunque
980 1528 1140 1584 tbnlicurum
1159 1527 1246 1583 locum
1267 1527 1385 1584 heretici
1405 1527 1512 1584 lucrant
1531 1530 1680 1602 subrogati.
1697 1537 1768 1603 epo·

134 1616 299 1686 pontifices,
322 1624 350 1670 et
369 1615 393 1672 si
414 1629 507 1670 errore
522 1614 677 1670 humanitus
690 1614 854 1682 accedente,
875 1629 929 1671 non
980 1619 1065 1674 stolus
1079 1628 1168 1673 autem
1182 1617 1265 1673 dicit:
1275 1617 1338 1673 lliott
1352 1619 1436 1673 solum
1447 1619 1492 1689 qai
1507 1620 1617 1690 socient,
1632 1624 1677 1676 ted
1686 1632 1711 1678 et
1724 1624 1769 1696 qtti

135 1719 225 1763 omen
242 1718 337 1762 eontm
356 1705 513 1776 religionem
536 1706 671 1760 ullatenus
689 1706 861 1771 excedentes,
882 1720 930 1775 po·
944 1710 968 1770 B
980 1710 1140 1764 renuntient
1156 1709 1412 1781 facientiburlllcnt.
1425 1726 1445 1777 t,
1457 1709 1527 1781 32),
1540 1726 1603 1767 reos
1616 1712 1770 1769 indubitan-

135 1809 236 1854 testate
252 1797 375 1867 percelli.
396 1794 410 1834 1
428 1798 469 1851 nn
486 1807 513 1851 ct
533 1796 590 1851 bec
606 1796 678 1866 justa
697 1796 802 1852 ratione
817 1795 930 1866 principi
982 1810 1024 1859 ter
1037 1802 1145 1858 ascribi.
1159 1802 1202 1859 An
1215 1801 1357 1859 beelicuit
1370 1803 1494 1859 seculari
1508 1804 1644 1874 potestati,
1659 1814 1687 1862 et
1700 1808 1770 1865 actis

134 1890 306 1961 suggerenda
323 1905 377 1944 uon
391 1887 489 1942 eranti
505 1886 595 1958 llegim
606 1886 723 1942 civitatis
737 1888 839 1942 bonore
848 1887 932 1943 sttlrli·
982 1893 1079 1950 talibus
1090 1895 1187 1950 nereio
1198 1894 1376 1951 consentienti
1386 1893 1486 1963 absque
1495 1896 1549 1951 ulla
1561 1886 1676 1968 synodo,
1687 1915 1768 1969 quern

135 1984 184 2037 mis
202 1981 229 2037 si
247 1979 337 2034 iaetus
349 1988 408 2035 erat
420 1978 464 2034 illa
479 1978 553 2048 regia
567 1977 674 2033 cirrata
687 1977 839 2044 sublimior,
857 1986 932 2033 tanto
982 1986 1039 2056 ipra
1051 2001 1141 2043 rernm
1152 1986 1257 2042 nouitas
1270 1986 1403 2058 erigebat,
1416 1986 1518 2058 absque
1531 1988 1771 2061 sedisapostolicae

136 2073 225 2141 111181·
239 2070 268 2125 111
285 2069 327 2123 1111
341 2066 882 2139 11181111111111111111111111111111111101·
903 2069 932 2124 Si
982 2078 1065 2152 358
1075 2077 1270 2135 consultatione
1283 2076 1427 2148 perdecem
1440 2086 1469 2134 et
1479 2078 1537 2135 sedi
1547 2081 1700 2150 apostolicae
1714 2098 1768 2139 oon

135 2173 226 2218 sulem
243 2160 273 2216 in
290 2160 341 2226 1115,
357 2174 417 2230 (ll¹ae
433 2173 483 2230 1110
501 2158 631 2230 1111811110
646 2159 750 2215 1111111111
761 2169 775 2199 ⁸
786 2163 931 2229 1111111111,
983 2170 1057 2226 licuit
1073 2170 1219 2226 secundum
1239 2178 1359 2237 tenorem
1377 2153 1473 2241 synodi
1494 2167 1721 2229 Chalcedonensis
1741 2172 1769 2229 io

135 2257 243 2313 11111111
265 2255 346 2326 357
359 2252 570 2323 lo¹¹¹⁴l¹¹¹l>i³¹¹5¹¹⁸
583 2261 663 2323 1111111
676 2252 831 2322 mlestus.
844 2264 872 2309 et
884 2264 931 2310 aut
983 2259 1068 2316 reteri
1084 2261 1175 2329 otique
1194 2273 1273 2314 causa
1294 2269 1321 2313 et
1335 2260 1419 2315 reteri
1432 2260 1578 2316 constituto
1592 2257 1602 2298 1
1616 2259 1689 2331 justa
1704 2262 1770 2318 deil-

136 2350 242 2421 oquis,
258 2356 308 2402 aot
321 2346 444 2402 ducciam
465 2361 520 2401 nou
540 2344 642 2400 babens
664 2343 818 2413 intimandi,
839 2345 933 2415 inquo
984 2349 1086 2407 uitione
1095 2349 1228 2407 damnatis
1237 2348 1351 2405 inimicis
1360 2348 1457 2421 synodi
1468 2349 1693 2408 cuareeuonemts
1703 2353 1770 2410 sca·

136 2456 183 2512 per
203 2440 314 2511 regiam
335 2438 471 2493 civitatem
492 2434 777 2506 mtioteffecltssesll
800 2434 932 2491 'Nathan
983 2443 1055 2499 cium
1069 2443 1310 2500 communicantem
1325 2458 1340 2498 a
1356 2443 1604 2501 suacommunione
1617 2444 1770 2515 depellere?

137 2533 273 2604 propbeta
290 2530 377 2600 palam
391 2528 551 2600 publiceque
572 2529 599 2583 iu
619 2528 689 2585 iacis
707 2530 763 2600 regi
786 2529 885 2599 David,
906 2539 936 2586 ct
985 2535 1038 2592 Sed
1052 2534 1173 2602 Aeacius,
1189 2535 1323 2606 inquiunt,
1335 2543 1354 2572 ¹¹
1367 2532 1711 2606 principibusobriarcnon
1725 2552 1772 2608 po·

136 2627 318 2684 commissum
338 2623 521 2696 pronuntiarit
533 2637 665 2690 errorem,
679 2632 709 2679 et
721 2623 808 2692 ipsum
822 2623 935 2678 commi·
985 2626 1045 2682 tuit.
1064 2627 1118 2682 Cor
1132 2626 1276 2703 basilisco,
1295 2626 1356 2696 qttia
1378 2627 1472 2694 voluit,
1494 2627 1631 2683 obviarit?
1651 2644 1700 2685 cur
1721 2630 1772 2701 ipsi

137 2719 206 2775 sisse
229 2734 288 2774 nun
308 2716 402 2785 tacuit,
426 2723 454 2771 et
475 2714 646 2772 conlessione
667 2727 818 2769 correctum
839 2727 935 2770 conse-
985 2717 1097 2783 zenoni,
1112 2716 1245 2787 nepalam
1260 2716 1341 2773 Petro
1356 2716 1535 2782 Antiocheno,
1550 2718 1773 2789 quemrislateu·

137 2820 258 2880 quenter
272 2808 398 2864 absolsit.
423 2806 475 2862 ilic
492 2816 583 2863 autem
598 2804 737 2862 virbonus
759 2815 787 2862 et
806 2808 934 2863 sacerdos
985 2821 1028 2867 ter
1041 2811 1091 2867 boc
1105 2809 1209 2877 lecerit,
1230 2809 1430 2866 communicare
1452 2810 1606 2876 rideretur,
1621 2826 1677 2868 nou
1695 2827 1772 2870 com·

138 2903 277 2975 egreglus,
295 2900 438 2956 intantum
453 2914 484 2956 tc
501 2908 529 2957 et
547 2914 691 2971 suggerere
702 2908 716 2948 t
727 2899 846 2969 potuisse
859 2915 934 2956 mou·
986 2901 1105 2959 modario
1124 2901 1281 2958 assensuml
1295 2899 1365 2957 Ecce
1381 2901 1521 2957 resultanti
1537 2916 1590 2959 uon
1611 2892 1710 2960 restitit
1724 2905 1774 2961 im·

138 3004 249 3068 stravit,
261 3006 292 3054 et
304 2996 422 3052 uoluisse
434 2995 612 3065 deprompsit,
628 2996 710 3049 immo
724 2993 821 3050 lavisse
834 2995 935 3066 pateic·
987 3003 1109 3066 perator,
1124 3008 1188 3050 ecce
1198 2991 1251 3047 tim
1263 2991 1364 3049 nolenti
1375 3007 1428 3048 non
1441 2992 1543 3062 intullt;
1558 3009 1622 3051 cece
1633 2995 1775 3068 refugienti

138 3095 183 3160 rit,
191 3102 227 3149 ut
238 3101 269 3147 et
282 3091 429 3158 imperator
437 3096 616 3144 cunctaseca
630 3087 690 3156 ejus
698 3088 813 3158 gessisse
822 3088 935 3145 consilio
947 3078 974 3146 G
987 3087 1109 3158 contagia
1129 3086 1270 3142 manilesta
1287 3084 1433 3152 concessit;
1456 3098 1607 3157 postremo.
1628 3103 1678 3144 cur
1701 3099 1776 3146 tunto

139 3203 191 3243 nou
207 3194 333 3252 taceret,
349 3193 376 3238 et
390 3183 447 3253 ipse
461 3182 652 3252 imperatorem
671 3180 775 3251 magnis
793 3183 936 3250 preconiis
986 3190 1107 3250 tempore
1115 3192 1175 3235 cum
1187 3179 1237 3233 ista
1244 3181 1403 3249 gererentur
1413 3178 1454 3232 tel
1461 3178 1578 3248 gerenda
1589 3191 1776 3251 cognosceret,

71 3263 74 3270 ’
140 3280 263 3334 elevaret
276 3275 328 3330 itta
340 3273 494 3342 lacietttem,
506 3287 620 3343 seseque
633 3272 758 3342 proderet
770 3273 814 3329 bis
827 3272 937 3345 agendis
987 3284 1042 3327 non
1056 3269 1089 3326 nd
1104 3271 1195 3327 sedem
1209 3271 1395 3341 apostolicam,
1407 3285 1421 3322 a
1432 3283 1484 3340 qua
1497 3271 1549 3326 sliri
1563 3284 1654 3327 curam
1669 3271 1775 3329 illarum

141 3371 225 3425 rebus
237 3367 326 3423 luisse
338 3363 507 3436 participem.
988 3363 1125 3433 regionum
1141 3368 1252 3416 noverat
1270 3360 1429 3430 delegatam,
1449 3360 1552 3416 relerre
1562 3368 1577 3397 11
1588 3363 1709 3419 cttratiti
1724 3364 1778 3422 Soti

174 3456 498 3518 duellii-&desto
507 3454 652 3512 calendion
664 3455 939 3525 nomenimperatoris
990 3459 1065 3529 prius
1084 3456 1206 3512 laudator
1223 3456 1308 3510 lactus
1329 3464 1371 3509 est
1394 3455 1451 3525 ipse
1471 3464 1618 3524 gestorum,
1640 3471 1720 3526 quam
1735 3460 1778 3515 rel

141 3551 300 3617 abstulerit,
312 3548 430 3605 loannes
443 3546 556 3618 principi
566 3549 693 3602 mentitus
707 3545 790 3602 luisse
799 3545 938 3616 iactetur:
991 3554 1170 3619 praemoneret
1181 3545 1243 3601 talia
1257 3558 1318 3601 esse
1330 3542 1475 3609 tenenda,
1496 3544 1538 3599 tel
1558 3560 1592 3601 ne
1613 3556 1780 3602 tentarentur

142 3661 202 3716 quas
221 3654 325 3708 tamen,
344 3654 406 3695 cum
421 3655 499 3695 norae
512 3647 604 3694 essent
615 3653 713 3702 causae.
738 3653 806 3693 nota
820 3635 834 3676 t
848 3637 941 3694 debuit
990 3638 1147 3703 obsisteret,
1162 3637 1231 3693 sicut
1243 3635 1294 3691 sub
1310 3634 1438 3690 basilisco
1451 3635 1507 3705 jam
1524 3635 1633 3692 iecerat.
1652 3635 1708 3693 Cur
1727 3638 1781 3694 illis

142 3731 754 3806 melesiasticaprouenirediscussioldnqui
767 3731 939 3787 inhominem
990 3732 1096 3789 ceteris
1106 3729 1306 3789 communicare
1317 3737 1329 3765 ⁰
1339 3728 1486 3797 consensit,
1498 3728 1545 3800 qui
1554 3727 1672 3799 depulsis
1686 3730 1780 3804 catltq·

141 3830 341 3897 imperatorem
353 3822 733 3895 peccassedicebantur,nulla
744 3820 940 3877 interveniente
991 3825 1051 3881 licis
1069 3823 1263 3888 sacerdotibus.
1279 3819 1462 3876 indubitanter
1474 3820 1592 3877 btcrctici
1606 3824 1717 3894 singulis
1736 3842 1781 3881 ur·

140 3923 254 3994 synodo
269 3919 352 3989 dejici
371 3916 576 3974 debuerunttet
592 3914 619 3969 iu
639 3914 739 3981 Deum,
755 3914 799 3985 qui
817 3928 939 3969 summus
992 3915 1070 3971 bibus
1084 3913 1189 3968 lucrant
1200 3910 1356 3969 substituti?
1370 3908 1520 3976 Postremo,
1536 3912 1557 3967 si
1568 3911 1614 3967 ille
1626 3912 1712 3970 deluit
1724 3916 1781 3972 suit

142 4026 172 4072 et
182 4029 269 4071 rents
279 4023 322 4069 est
332 4013 488 4081 imperator.
500 4009 627 4066 seeum
643 4008 841 4076 delinquentem
852 4008 939 4063 siuce-
993 4005 1132 4076 partibus,
1146 4012 1176 4062 et
1187 4017 1247 4074 quas
1264 4001 1422 4059 sacerdotis
1442 4001 1574 4058 cotbolico
1595 4015 1781 4074 competerent

144 4119 262 4174 ramqoc
275 4102 493 4159 communionem
511 4098 593 4154 divini
608 4100 769 4154 sacramenti
785 4097 938 4155 studentem
993 4111 1073 4167 agero
1083 4111 1136 4152 non
1145 4096 1260 4166 curarit,
1271 4094 1332 4151 ideo
1342 4093 1421 4151 sedes
1434 4095 1582 4166 apostolica
1591 4097 1663 4167 quod
1676 4097 1709 4155 ad
1720 4114 1779 4156 eam

181 4264 195 4293 ⁸
215 4253 246 4307 ln
262 4250 335 4320 mig.
349 4246 430 4306 Cone
455 4263 492 4331 er·
510 4248 624 4330 auctiori
638 4262 715 4304 exem
735 4250 762 4305 lo
784 4248 863 4320 boios
885 4251 943 4321 epi·
1021 4225 1045 4288 ’1
1067 4248 1181 4318 Qttesn,
1196 4251 1223 4303 ln
1234 4264 1293 4317 que.
1311 4247 1377 4330 bein
1395 4247 1472 4319 lluig.
1487 4247 1583 4318 conc,
1598 4253 1729 4319 oportebat
1740 4273 1783 4312 er-

143 4326 238 4388 stolae,
254 4323 326 4399 qnod
340 4327 507 4376 conserveris
520 4322 644 4374 collectio
659 4264 799 4384 Areiiana,
822 4323 872 4375 boc
884 4321 943 4376 loco
994 4319 1077 4392 pollii
1092 4319 1160 4386 Quid
1170 4319 1350 4372 delnnstttests
1361 4333 1406 4386 prr
1419 4326 1498 4373 tetum
1511 4319 1641 4376 Orientem
1652 4325 1784 4382 corboliolt

143 4397 259 4449 additur
270 4392 381 4445 dimidia
392 4391 447 4446 lere
460 4391 566 4460 pagina,
587 4390 614 4443 in
628 4405 678 4458 qua
695 4390 764 4445 inter
776 4399 872 4446 cetera
887 4390 942 4447 duo
957 4358 981 4416 ὓ
994 4389 1167 4444 rucmdotiltus
1178 4389 1283 4460 proprio
1294 4389 1353 4442 rede
1366 4388 1492 4455 depulsis,
1510 4401 1534 4443 et
1548 4392 1720 4449 indubitanter
1730 4394 1784 4452 te·

143 4468 319 4533 allegantur,
344 4476 404 4530 quae
422 4461 450 4514 in
473 4460 578 4515 duabus
601 4457 744 4513 rarissimis
766 4459 890 4515 llarciani
916 4471 944 4516 et
993 4461 1077 4515 reiicit
1091 4458 1267 4513 intromittit?
1280 4457 1362 4513 Nouoe
1374 4470 1449 4523 certe,
1465 4472 1518 4515 etc.

144 4533 270 4591 Anatolii
281 4531 404 4597 epistulis
415 4530 626 4586 lltletlbiads.
634 4529 750 4583 Leonem
761 4532 942 4586 inveniuntur.
1032 4530 1040 4581 l
1061 4529 1161 4597 Quesn.
1176 4528 1247 4582 addit
1263 4538 1354 4594 entem·
1369 4530 1494 4597 ignorant
1509 4530 1593 4586 trostri
1608 4532 1687 4588 codd.
1699 4543 1727 4589 ct
1738 4550 1785 4591 er·

183 4605 200 4643 1
216 4603 321 4670 Quesn.
346 4614 406 4654 cum
430 4601 489 4655 solo
509 4601 607 4664 oron,
630 4615 706 4668 quant
723 4600 853 4655 emmens.
880 4600 946 4659 Post
993 4602 1051 4656 cusi
1062 4614 1165 4653 omnes.
1179 4598 1246 4653 llein
1260 4615 1312 4653 unu
1328 4599 1442 4668 rgnodus
1457 4598 1556 4655 babent
1569 4603 1676 4663 ‹midem
1692 4615 1784 4661 nostra

144 4670 812 4796 meciuimiitmcineeizeugigiitz'xie'iiumliidelcto
833 4741 945 4795 anteati
994 4670 1240 4795 'cirstiititxlemt'iiiuria
1261 4684 1325 4795 rigenti
1347 4667 1469 4725 Memno·
1492 4669 1546 4726 sed
1564 4671 1665 4738 omn·
1688 4675 1785 4733 melius

144 4814 255 4868 addunt
267 4758 317 4865 gite
332 4779 425 4863 tinne
439 4812 534 4879 puriter
545 4811 612 4880 leges
624 4757 792 4882 desissemque
805 4821 943 4877 anserem,
1031 4809 1045 4849 1
1065 4755 1143 4881 Ἴως.
1156 4777 1253 4876 Conci’,
1264 4778 1378 4865 cremet.

145 4895 176 4937 st
189 4880 360 4945 sacerdotali,
373 4891 427 4935 etc.
1035 4879 1042 4919 ¹
1065 4881 1148 4935 iidem
1161 4881 1249 4950 tulg..
1269 4882 1337 4934 ‘usto
1351 4879 1524 4947 definitionem
1543 4882 1675 4940 domnulo.
1690 4885 1788 4943 llelius

184 4951 202 4991 ⁴¹
219 4953 302 5006 tidem
317 4952 387 5020 vulg.
403 4949 487 5004 Cone.
507 4951 549 5004 Au
564 4949 651 5004 cdltur
665 4954 747 5017 jttstu.
763 4952 823 5006 llox
842 4949 945 5006 addidi·
995 4952 1075 5006 codd.
1091 4951 1192 5006 Veron.
1205 4959 1233 5004 et
1272 4952 1341 5015 md,
1350 4952 1423 5022 justo
1439 4952 1586 5019 definitione
1600 4955 1729 5009 datricem.
1746 5016 1751 5023 ,

145 5019 853 5146 ωιζεέιὲῦῖῃεῗιὲιςιιὲῗςχὲηέὀῶιϋέῗεὲῗίἔιηςωῃ
883 5105 899 5146 e
918 5106 944 5147 m
1024 5020 1153 5144 :iem
1173 5021 1269 5088 Cone,
1283 5020 1404 5091 principi.
1421 5020 1483 5074 llos
1497 5021 1597 5091 onom,
1609 5025 1669 5093 qais
1687 5024 1786 5090 noluit,

241 5109 247 5144 l
320 5107 349 5142 ll
511 5132 516 5140 .
572 5130 581 5146 .
710 5107 735 5143 m
855 5130 863 5145 ·
900 5107 916 5146 ll
996 5107 1021 5147 ΙῘῙ
1068 5128 1076 5144 .

144 5158 945 5314 '⁸¹1‘tiliilllllll‘.illlecebris..t.u..1..
1031 5168 1047 5266 2
1065 5157 1437 5283 iiiiiiiinii‘iiiif‘..
1450 5227 1530 5309 attan
1544 5228 1649 5285 sunan.
1666 5239 1693 5285 e
1709 5232 1785 5288 costr.

145 5315 214 5357 nce
229 5301 377 5365 adduntur,
390 5310 417 5355 ct
433 5310 492 5369 post
505 5303 614 5356 teritum
626 5302 732 5354 ubsoictt
747 5302 854 5356 additur
867 5304 946 5356 dimi·
997 5299 1156 5366 Qttesnellus
1170 5297 1340 5357 cumliaco..
1353 5306 1523 5368 presumpsit.
1832 5363 1834 5367 q

145 5374 197 5426 dia
220 5370 277 5426 iere
296 5371 389 5441 pagine
406 5370 497 5440 :quod
520 5372 729 5426 additamentum
748 5374 782 5425 ab
800 5374 891 5441 aliquo
906 5374 945 5426 itt·
1035 5379 1049 5419 s
1071 5369 1169 5424 lloetm
1188 5368 1314 5420 cutloiicu
1334 5381 1349 5421 a
1368 5367 1467 5434 Qucsn.
1488 5368 1615 5423 omissam
1635 5383 1667 5425 eu
1689 5371 1788 5428 nutriris

144 5453 260 5498 ensem
279 5442 438 5507 Quesnellus
456 5443 572 5512 pretert.
593 5442 657 5510 epu
672 5442 836 5497 notationem
848 5445 874 5496 in
891 5451 947 5496 tra·
998 5439 1077 5495 codd⁴
1094 5450 1122 5494 ct
1141 5437 1213 5508 vulg.
1237 5437 1410 5492 restituimus.
1427 5437 1487 5491 llos
1502 5440 1573 5510 tulg.
1594 5438 1691 5506 Cone..
1714 5457 1789 5512 opere

144 5520 231 5567 ctatu
241 5513 299 5567 ioco
312 5513 395 5566 citato
405 5512 595 5581 descripsimus
608 5523 688 5582 atque
702 5511 856 5568 relellimos.
999 5509 1133 5578 fastidivit,
1146 5518 1186 5572 et,¹
1201 5507 1273 5572 dein,
1287 5521 1335 5577 pro
1344 5507 1378 5560 od
1389 5521 1456 5574 cent,
1469 5508 1568 5566 ltaltcnt
1582 5514 1617 5566 od
1629 5511 1728 5580 cudetur,
1743 5513 1790 5571 ubi

190 5592 207 5629 ⁸
228 5582 328 5647 Questt.
340 5595 401 5636 cnm
411 5582 497 5636 (lton.
510 5596 573 5649 ms,
589 5599 671 5653 poste.
998 5582 1068 5636 lotte
1083 5580 1225 5651 legendum
1239 5577 1413 5635 adcumulem.

190 5649 208 5692 11
228 5651 311 5708 eodo.
323 5652 422 5706 ieron.
433 5664 459 5706 et
472 5651 533 5705 liat.
546 5655 608 5708 lsid.
619 5668 679 5709 cunt
691 5652 813 5727 lterttno,
822 5651 945 5711 deluerit.

195 5812 209 5824 ,
279 5746 416 5808 Parrus.
437 5743 519 5814 Ll'l.
982 5789 1002 5818 ·÷
1670 5742 1710 5806 21

1700 5981 1839 6083 Δ,
