4000 6175
111 224 149 282 hs
320 227 430 284 CODEX
452 224 615 285 curtorum
635 223 773 281 eccles.
795 222 839 280 ET
858 226 1149 286 cursetttlltulthll
1169 231 1198 285 S.
1218 229 1318 288 stols
1337 233 1502 292 apostol..
1677 236 1728 290 ill

39 408 40 413 η
110 358 135 395 rr
150 340 197 393 alia
219 338 269 393 seb
285 341 367 394 tantia
382 341 422 395 vel
446 341 560 397 essentia
575 339 668 396 dicunt
680 353 740 395 esse
754 342 883 414 τρίπον.
898 345 922 404 Α
937 344 1091 402 ciritaltbus
1103 347 1311 403 subterannexa
1325 349 1586 406 suntsedomdtosi
1598 351 1668 407 ectri
1680 348 1728 408 bet

39 446 40 455 ¹
110 438 199 486 incest
210 430 412 487 convertibilem
424 430 801 487 antcummutabilemFilium
813 430 881 499 Dci;
937 434 1203 506 magiscuraverunt
1223 438 1400 495 Orientalium
1422 422 1529 496 nentina
1545 442 1731 512 episcoporum

109 524 148 576 hos
165 520 370 575 anathematisat
393 520 523 575 catholica
544 529 572 577 et
586 519 733 590 apostolico
749 519 882 576 Ecclesia.
936 528 1121 598 conscribere,
1133 539 1275 605 propterea
1286 533 1357 601 quod
1370 533 1557 589 occidentales
1572 548 1625 589 non
1637 532 1733 589 simili.

136 620 149 650 ¹
163 613 223 667 lieo
236 621 276 668 est
284 612 353 668 lidos
363 628 445 684 quam
453 621 635 681 exposuerunt
650 610 884 682 bursechinum
936 629 980 676 ter
993 620 1170 692 quaestionem
1183 620 1218 677 de
1230 621 1376 678 haeresibus
1390 623 1461 678 lrabu
1473 632 1548 680 ssent
1564 633 1586 679 0.

109 707 202 775 nollem
213 707 342 763 adsersus
356 709 449 763 Arium
462 708 694 778 blasphemantem
709 715 736 761 et
749 706 885 762 dicentem

108 797 241 854 lcreatum
260 813 322 854 esse
334 799 432 854 Filium
446 799 514 865 liei,
528 808 673 870 posteaque
687 799 815 855 adsersus
828 813 888 854 om·

109 908 161 949 sem
174 892 294 947 baresirn
304 893 538 965 wextollentem
549 907 579 949 se
593 901 621 948 et
630 893 815 963 insurgentem
825 908 886 949 coo·

110 997 141 1041 tra
161 984 318 1040 catholicam
345 994 358 1024 θ
379 994 407 1040 et
424 983 599 1055 apostolicam
621 982 780 1040 Ecclesiam.
800 984 886 1052 Quam

111 1077 221 1133 heresim
239 1090 300 1131 cum
316 1075 472 1132 aut-toribus
484 1077 541 1132 suis
553 1074 747 1132 damnaverunt
757 1076 827 1146 apud
841 1074 888 1131 lii·

39 1176 40 1185 ’
110 1173 320 1229 enumcititotem
331 1172 513 1243 supradictam
524 1170 888 1241 cccrrmeptscoptioonuru

111 1268 268 1339 imgregati3
284 1281 398 1338 quorum
413 1266 521 1323 nomina
533 1281 594 1324 cum
606 1266 750 1336 provinciis
764 1264 820 1322 suis
834 1260 849 1304 ⁴
861 1273 890 1321 et

138 1513 151 1541 ⁸
168 1502 243 1559 lianc
257 1502 458 1559 annotationem
478 1504 601 1575 syntbolo
614 1505 723 1563 Nicaeno
740 1508 886 1575 subjectam

1128 758 1183 830 30
1205 756 1214 797 l
1235 773 1332 815 eontra
1352 773 1541 816 eetscorosuts.

975 896 1055 953 Oeius
1075 894 1263 951 cordubensis
1281 896 1424 965 episcopus
1447 894 1516 951 diait
1534 895 1629 953 :esic
1652 897 1735 952 croto

939 986 1163 1057 quemadmodum
1179 986 1344 1044 dictumest.

975 1076 990 1118 ¹¹
1006 1078 1095 1135 Victor
1106 1085 1134 1134 et
1147 1078 1301 1134 Vincentius
1321 1079 1470 1152 presbyteri
1485 1080 1610 1147 Romani,
1624 1094 1674 1150 pro
1691 1095 1734 1131 ro-

941 1168 1054 1229 nerabill
1066 1170 1125 1225 tiro
1140 1183 1207 1241 papa
1219 1176 1246 1224 ct
1257 1170 1383 1239 episcopo
1396 1177 1489 1226 nostro
1498 1179 1592 1227 mucro
1605 1169 1735 1227 silvestro

941 1261 1166 1333 subscripsimus:
1178 1260 1213 1318 ita
1223 1259 1364 1317 credentes
1378 1261 1447 1316 sicut
1457 1275 1536 1333 snpra
1546 1262 1733 1333 scriptumest.

939 1503 1129 1562 Sardirettscm
1140 1503 1173 1558 ad
1187 1516 1280 1557 omnes
1292 1499 1432 1567 episcopos
1441 1502 1521 1571 liquet
1545 1518 1577 1559 ct
1588 1505 1733 1563 btlsatrasio

110 1584 131 1627 rt
143 1574 307 1641 premissam
323 1572 563 1641 subscriptionibus
582 1574 691 1631 l‘atrum
705 1577 886 1644 Nicocnorum,
942 1575 1070 1645 Apologia
1085 1576 1213 1630 secunda.
1230 1571 1275 1627 Sic
1287 1569 1358 1625 etnim
1371 1570 1495 1626 iseornnt
1510 1574 1554 1632 nui
1568 1576 1736 1650 subscripse-

111 1645 229 1768 bionffsio
238 1643 339 1714 Exiguo
352 1645 537 1700 ascribendam
548 1646 698 1714 suspicitur
713 1657 755 1702 est
766 1646 794 1702 P.
808 1648 889 1701 loatt·
941 1655 1004 1701 runt
1018 1646 1169 1715 catalogum
1185 1641 1342 1697 exorditur:
1357 1643 1433 1695 (liius
1447 1642 1480 1696 oi
1491 1642 1629 1714 llirpenic,
1646 1645 1735 1704 lniiss

111 1730 150 1768 nes
185 1714 325 1769 arduinus.
339 1716 372 1768 At
385 1723 571 1784 preterquam
602 1715 653 1770 uod
669 1714 886 1773 induobnsmsr.
942 1716 1031 1770 Rome
1052 1731 1097 1785 per
1121 1714 1304 1768 Arcltidunrunt
1327 1722 1351 1765 et
1375 1710 1544 1768 l'hiloeenum
1566 1716 1734 1786 presbyteros.

111 1800 166 1853 pure
189 1782 359 1856 dionysianis
375 1783 434 1838 Vat.
452 1784 523 1841 osto
533 1792 561 1840 et
576 1731 637 1841 Vnt.
661 1787 747 1842 Putat.
768 1788 821 1843 577
834 1803 886 1843 non
940 1785 1016 1854 Qrtod
1028 1786 1050 1839 si
1063 1785 1090 1838 hi
1102 1782 1275 1839 duollontoni
1288 1781 1435 1853 presbytori
1446 1797 1507 1838 eom
1519 1784 1608 1842 Leone
1619 1788 1734 1844 dtacooo

111 1864 223 1924 apparet,
235 1856 317 1909 immo
327 1868 378 1910 uec
390 1854 416 1908 iu
432 1870 498 1911 mss.
509 1855 635 1928 Dionysio
647 1855 816 1921 lindrioneis,
827 1874 886 1914 earn
943 1860 1006 1910 item
1020 1855 1140 1910 Romanu
1154 1863 1213 1921 post
1227 1853 1332 1921 aliquot
1352 1857 1492 1920 episcopos
1516 1854 1735 1927 subscripserunt

39 1950 40 1961 .
112 1922 540 1996 morbiooy‚to,sededraco
551 1923 625 1982 ionte
641 1926 772 1997 originem
790 1930 889 1984 ducere
941 1926 1062 1995 epistolae
1085 1925 1224 1980 Athanasii
1248 1925 1282 1976 ad
1309 1923 1443 1978 Ecclesiae
1467 1923 1625 1983 Mareoticae
1643 1942 1659 1983 e
1680 1946 1733 1985 tus.

39 2004 40 2007 ’
113 1994 432 2064 o1hilessamhigeoounr.
451 1994 890 2069 lirimrerttnnnsolnntlegitur
942 1995 1091 2053 Veronensi
1112 1994 1148 2049 55
1170 1993 1222 2048 boc
1244 2005 1316 2047 tomo
1342 1993 1517 2061 recudendrm
1548 1995 1574 2049 id
1599 1998 1732 2054 nemiuem

113 2067 133 2119 iu
144 2066 281 2122 codicibus
296 2065 375 2133 buius
391 2065 570 2129 collectionis,
586 2082 646 2131 true}
664 2082 680 2121 a
696 2068 822 2140 Dionysio
835 2085 888 2124 uon
942 2079 1060 2132 moreat,
1076 2080 1136 2121 cnm
1152 2064 1213 2118 huic
1238 2062 1349 2130 privato
1361 2064 1501 2119 Athanasii
1522 2066 1653 2134 epistolae,
1674 2084 1735 2139 quat

113 2139 210 2200 pendet,
223 2150 272 2191 hec
283 2135 370 2190 nonin
384 2150 456 2191 mss..
465 2135 525 2192 Vat.
541 2135 610 2192 tole
622 2144 648 2192 et
659 2137 737 2194 Barb.
750 2139 833 2207 2888,
844 2141 889 2208 nui
941 2138 1069 2209 synodica
1083 2134 1188 2204 publica
1203 2148 1254 2188 nort
1274 2142 1326 2196 est,
1347 2134 1535 2200 episcoporum
1555 2137 1734 2208 subscriptio·

113 2206 828 2274 licaenoscanoneserpriscatranslatioheexbihent;
845 2225 890 2266 sc·
943 2222 991 2262 nes
1017 2216 1172 2277 spontaneae
1199 2202 1271 2258 nu'lo
1299 2210 1405 2258 serrato
1433 2204 1530 2261 ordine
1560 2210 1733 2265 accesserint.

113 2280 257 2332 nemetiam
272 2277 357 2345 ipsam
373 2274 458 2332 lormc
478 2276 608 2347 integrant
632 2280 780 2346 reperimus
795 2281 822 2335 in
838 2279 891 2337 Ge·
941 2278 1046 2341 osium,
1062 2276 1106 2347 qui
1118 2274 1247 2330 Romanis
1261 2274 1354 2333 legatis
1366 2275 1502 2339 procedit,
1523 2290 1574 2331 nna
1590 2294 1650 2332 eum
1664 2280 1731 2334 duo·

114 2348 169 2402 losio
183 2347 318 2418 cyziceno
330 2347 378 2402 lib.
395 2361 425 2412 tt,
440 2361 465 2402 e.
480 2346 579 2418 iboni
590 2361 655 2403 sane
665 2348 891 2406 eLatiniserem-
943 2349 993 2404 bus
1006 2346 1121 2402 laudatis
1136 2344 1263 2403 Romanae
1285 2343 1409 2399 Ecclesiae
1432 2347 1596 2416 presbyteris
1614 2346 1736 2405 silvestri

113 2418 224 2485 pleribus
246 2432 298 2472 non
320 2418 469 2484 excerpsit.
484 2417 561 2475 Adde
584 2419 654 2487 quud
667 2419 696 2473 in
711 2419 891 2475 vetustissimo
943 2417 1078 2487 pontilicis
1089 2417 1177 2473 inerim
1194 2415 1395 2475 celerationem
1411 2417 1527 2482 gessisse
1550 2414 1672 2473 Gelasius
1684 2418 1737 2490 Cy-

113 2489 194 2543 codire
210 2487 319 2558 capitoli
332 2487 495 2543 Veronensis
508 2487 544 2544 55
557 2497 645 2543 etstat
660 2489 748 2558 ignota
764 2491 891 2547 imotenus
943 2490 1051 2544 nicecius
1063 2488 1152 2557 prodit
1165 2486 1212 2541 lib.
1226 2502 1244 2540 tr
1256 2485 1324 2541 llist.
1337 2483 1440 2540 conor.
1457 2485 1572 2554 ilicem,
1583 2502 1607 2543 c.
1621 2487 1638 2542 o
1652 2497 1681 2546 et
1691 2490 1735 2548 lt.

117 2560 196 2613 tersio
207 2572 342 2613 eanmum
356 2556 657 2623 NieaenornmeGraeco,
668 2575 748 2627 onam
761 2563 810 2614 bne
821 2571 894 2616 tomo
943 2560 1050 2614 Nullum
1066 2574 1128 2614 vero
1140 2557 1165 2610 in
1175 2556 1232 2626 ejus
1241 2554 1438 2624 subscriptione
1446 2556 1585 2625 legationis
1597 2559 1735 2619 iudicium.

114 2629 172 2698 typis
190 2629 335 2693 dabimus3
356 2637 384 2682 et
407 2628 434 2683 in
457 2628 507 2683 ltoc
523 2628 618 2684 eadem
638 2632 740 2687 nomtio
758 2632 784 2685 in
797 2629 893 2686 Grec-r
944 2630 1025 2685 Forte
1038 2644 1100 2684 ctun
1114 2626 1193 2682 Osins
1217 2624 1251 2678 ab
1266 2626 1428 2691 irriperotore
1442 2627 1619 2683 Constantino
1636 2635 1737 2696 gravio-

114 2702 177 2753 tonte
193 2700 312 2762 iuventa,
322 2698 413 2753 statim
426 2699 643 2770 postsymbolum
658 2700 811 2757 exhibetur.
822 2701 891 2769 Quid
944 2700 1020 2756 simis
1033 2699 1059 2755 in
1075 2698 1156 2754 rebus
1170 2696 1263 2751 luisset
1277 2695 1426 2762 adbibitus,
1439 2705 1468 2751 ot
1482 2698 1508 2750 in
1522 2713 1601 2753 causa
1615 2702 1670 2754 Arii
1680 2701 1738 2770 jans

112 2770 172 2833 trood
194 2769 224 2822 in
242 2770 294 2823 alio
306 2783 360 2823 ms.
373 2769 493 2837 ejttsdem
507 2768 613 2837 capituli
629 2768 679 2832 58,
696 2773 721 2825 itt
734 2786 788 2841 qno
800 2772 892 2841 purior
944 2769 1149 2826 antellirmnam
1161 2766 1292 2850 synodum
1303 2768 1458 2835 proc'aram
1469 2781 1577 2835 operam
1588 2772 1736 2837 posuissem

39 2890 40 2897 ,
113 2839 274 2904 isidoriano,
295 2847 325 2893 ut
347 2839 491 2907 appellant,
515 2840 699 2909 interpretatio
723 2844 891 2908 continetur,
945 2840 1060 2897 llnmnnl
1076 2839 1153 2909 legati
1177 2854 1203 2891 m
1220 2836 1352 2890 ntandotis
1375 2845 1545 2904 acceperant,
1571 2848 1599 2892 ut
1618 2841 1642 2893 ri
1660 2842 1737 2897 Ocri·

39 2904 40 2965 3
115 2910 163 2964 linc
180 2909 277 2967 eodem
298 2908 402 2964 notatio
416 2909 586 2975 describitur.
601 2911 648 2965 sed
665 2911 739 2977 plura
754 2912 895 2969 ltaeretico·
946 2912 1044 2966 dentati
1061 2905 1414 2980 praestantissimnepiscopn
1425 2907 1560 2962 deterreor
1575 2909 1736 2978 plttrintum;

113 2996 163 3033 mm
178 2988 290 3034 nemora
312 2990 435 3035 recenset
460 2995 540 3047 uuam
561 2982 588 3035 in
612 2989 702 3034 nostra
716 2982 894 3039 collectione?
945 2979 1199 3048 liittouneopiniode
1211 2976 1344 3047 legatione
1360 2977 1473 3043 ottadam
1489 2976 1620 3050 originem
1633 2981 1734 3037 babuit.

113 3049 276 3106 iterantem
295 3049 422 3117 nomina,
457 3065 497 3105 ue
516 3050 610 3106 cadom
630 3051 779 3124 eodemque
800 3054 894 3110 ordine
982 3054 1054 3109 lntcr
1069 3067 1133 3108 mss.
1148 3064 1229 3122 porro
1239 3046 1347 3104 codices
1370 3048 1529 3118 quibuscum
1549 3050 1737 3121 episcoporum

112 3123 295 3177 rtecrihnoror
307 3122 376 3190 apud
392 3066 527 3176 lauflatum
535 3121 656 3177 Grrecum
668 3126 827 3195 scriptorem
842 3124 895 3181 Ge·
947 3125 1098 3194 catalogum
1119 3122 1292 3180 contulimus,
1317 3133 1377 3173 oum
1401 3134 1433 3173 es
1448 3120 1546 3188 dnplici
1561 3122 1737 3205 quorrturdatu

113 3190 216 3255 heiunr,
231 3192 354 3247 emero
365 3190 439 3247 lonte
454 3191 546 3247 bansta
561 3190 647 3248 inere.
910 3180 1135 3264 Cepiscopnrum
1156 3192 1252 3247 ordine
1272 3200 1353 3259 atquc
1368 3189 1527 3246 lectionibus
1549 3193 1673 3257 dirersis,
1690 3197 1739 3249 dir·

143 3259 155 3298 ⁶
172 3263 244 3316 eod.
260 3262 423 3327 vindebon,
437 3271 578 3317 ereaturam
593 3261 691 3319 Filium
703 3264 759 3331 Ilei,
769 3272 792 3317 et
803 3265 896 3319 odem·
948 3265 1011 3334 plici
1025 3281 1057 3319 ex
1069 3264 1143 3319 lottte
1156 3262 1251 3318 Graec
1263 3273 1358 3315 omnes
1373 3274 1483 3316 manare
1495 3261 1741 3331 deprehendimus,

112 3347 149 3385 sua
162 3349 264 3386 oorneot
275 3333 403 3387 heresim.
422 3331 545 3389 Gelasius
559 3334 706 3403 dyaconus
716 3336 828 3391 aliarum
843 3336 897 3389 ltre-
949 3346 1004 3391 tum
1019 3349 1083 3390 xero
1095 3330 1333 3388 animadvertimus
1356 3331 1463 3385 codices
1487 3333 1653 3390 collectionis
1666 3336 1739 3403 Que-

113 3418 201 3458 resenn
227 3411 349 3458 auctores
370 3404 523 3469 interserit,
543 3413 570 3458 et
592 3404 716 3460 similiter
736 3421 769 3459 ex
788 3407 896 3476 antiqua
948 3404 1122 3461 snellinnaein
1133 3404 1318 3472 episcoporum
1330 3401 1451 3469 cata'ogo
1461 3402 1604 3460 concinere
1612 3419 1672 3459 oum
1686 3421 1738 3461 stu.
1754 3460 1775 3469 „

114 3475 341 3542 neminemnam
366 3473 539 3528 isidorianam
556 3484 667 3537 uocant,
686 3477 712 3529 in
728 3475 828 3540 alinuot
846 3491 897 3530 no·
948 3477 1009 3531 Vat.
1023 3473 1131 3543 Regium
1147 3469 1225 3533 tbttt.
1247 3470 1354 3524 codices
1376 3477 1465 3524 autem
1487 3475 1619 3529 versionis
1640 3474 1740 3531 Prisce

114 3546 170 3596 sris
192 3559 263 3599 mss.
284 3545 380 3614 legitur
395 3562 402 3596 ι
419 3543 453 3597 lit
470 3543 590 3597 aduersus
606 3559 706 3600 omnem
721 3546 837 3599 heresim
849 3545 902 3604 Sa.
948 3559 1097 3614 congruere
1116 3558 1177 3597 com
1191 3540 1312 3608 catologo
1327 3539 1386 3606 ejus
1406 3543 1560 3597 vetustioris
1579 3545 1739 3613 interpreta-

113 3613 184 3678 teter,
199 3613 323 3678 Plotini,
333 3611 412 3667 Pauli
437 3612 618 3677 samosateni,
634 3614 771 3670 Manichaei
780 3655 789 3679 ,
805 3615 897 3669 Velm·
950 3617 1041 3680 tinnis,
1057 3629 1116 3685 qnae
1126 3613 1160 3666 ab
1170 3611 1269 3665 isidoro
1283 3619 1390 3676 recepta
1406 3625 1437 3665 ac
1449 3626 1482 3667 ex
1495 3613 1589 3669 isidori
1602 3616 1740 3671 codicibus

119 3687 169 3748 tini,
181 3683 336 3746 Marcionis,
348 3692 371 3738 et
383 3684 505 3738 adsersus
515 3687 865 3747 ontncmomrtinohoeresinr,
876 3687 899 3739 si
949 3686 1032 3749 edito,
1049 3685 1193 3740 tirtortooa
1209 3681 1289 3749 volgo
1301 3681 1460 3748 appellatur.
1486 3683 1526 3737 hrt
1542 3684 1614 3740 bunc
1637 3696 1741 3754 postre-

112 3770 156 3817 ese
169 3756 341 3808 insurrexerit
358 3762 448 3808 contro
461 3754 613 3809 castoream
627 3763 651 3810 et
667 3756 833 3822 apostolicam
846 3755 898 3809 lio·
951 3772 1025 3812 mum
1039 3756 1139 3809 iontem
1161 3751 1266 3807 aceedit
1286 3751 1433 3821 catalogos,
1458 3752 1504 3822 qni
1527 3756 1553 3807 in
1577 3770 1642 3810 nass.
1657 3756 1741 3811 colle-

113 3825 225 3878 cetero.
235 3824 364 3881 Similiter
376 3825 488 3879 habetur
502 3825 583 3880 etiam
595 3826 622 3881 in
635 3827 696 3881 Vat.
711 3827 850 3895 loibum
865 3841 898 3882 ex
951 3827 1048 3882 orionis
1059 3824 1216 3880 hadrianeo
1232 3822 1373 3889 reperitur,
1396 3821 1457 3876 lieet
1478 3824 1559 3878 eliam
1579 3840 1593 3879 a
1608 3825 1698 3882 Prisca
1713 3839 1742 3882 et

113 3896 236 3948 tersione
257 3895 348 3950 Prisca
362 3893 485 3950 Niceros
505 3910 622 3952 canones
644 3897 755 3965 recepit,
768 3897 899 3953 ntridcre
952 3897 1097 3954 isidoriana
1111 3894 1231 3950 latinam
1255 3893 1407 3949 versionem
1430 3891 1563 3973 preferat.
1580 3895 1741 3963 Quesnellos

112 3964 156 4017 erit
176 3977 276 4019 annot.
294 3965 305 4019 l
324 3967 350 4020 in
366 3965 744 4037 canonesNictenosejrtedem
758 3968 898 4023 versionis.
952 3982 984 4024 et
997 3967 1084 4023 Oxou.
1101 3980 1151 4021 ms.
1165 3964 1314 4032 catalogum
1330 3962 1475 4032 impressu,
1494 3973 1523 4019 et
1537 3967 1683 4021 nonnullibi
1696 3984 1741 4022 va-

145 4044 156 4072 ⁸
170 4035 245 4090 Edit.
260 4036 362 4102 Qnrsn.
375 4037 468 4091 inserit
479 4037 556 4104 tidem
569 4039 901 4094 :delevimusauctnritate
952 4040 1053 4092 riantur
1065 4038 1164 4091 noterit
1185 4050 1217 4090 ct
1232 4032 1411 4105 praestantiori
1435 4047 1486 4088 ms.
1503 4033 1607 4091 Vbnan.
1624 4051 1673 4092 nec
1687 4053 1739 4092 non

113 4119 159 4159 ms.
178 4105 334 4163 moueooo.
348 4117 376 4162 et
389 4108 498 4163 alterius
510 4109 610 4164 codicis
622 4109 785 4164 Veronensis
798 4109 900 4176 55.ηυί
953 4125 986 4163 ex
1005 4106 1111 4176 volgato
1132 4105 1234 4161 isidoro
1249 4112 1328 4173 atque
1347 4101 1470 4184 lustello.
1496 4104 1550 4159 lVos
1571 4107 1743 4162 odbthomos

112 4190 204 4230 horam
230 4177 401 4232 Nicaennrum
426 4193 557 4233 canonum
581 4179 731 4235 sensionem
755 4180 807 4234 hoc
829 4187 901 4233 tomo
955 4193 1005 4233 nrs.
1022 4176 1239 4244 Vindobon.,uui
1254 4174 1440 4229 collecttonem
1453 4174 1741 4242 Qttesneliionameon·

113 4246 242 4301 edendam
263 4249 376 4314 protect.
399 4247 464 4302 Dein
482 4264 577 4305 rocem
591 4250 707 4303 heresim
725 4263 739 4302 a
760 4249 902 4316 Qttrsnelln
955 4250 1032 4312 tieret,
1057 4258 1083 4303 et
1097 4246 1156 4302 Vat.
1172 4246 1281 4314 liegintc
1306 4256 1390 4325 stupor
1411 4245 1558 4300 laudatum.
1582 4247 1649 4303 Cum
1670 4250 1743 4304 enim

112 4316 272 4384 inpressius
288 4320 413 4389 ignorant
432 4318 513 4374 iidem
534 4318 651 4374 codices.
674 4319 734 4374 vlVon
755 4320 903 4375 deierirnns
954 4331 1047 4373 auctior
1069 4328 1169 4371 nostrae
1182 4315 1348 4370 collectionis
1370 4324 1440 4370 sister
1455 4326 1552 4371 caetera
1574 4318 1681 4373 Petrum
1695 4318 1742 4375 m-

114 4394 211 4455 eroen,
228 4390 292 4458 qrria
307 4390 340 4443 ad
356 4389 592 4458 aeqrriroeotionem
611 4390 746 4444 vitandam
767 4389 839 4444 utilis
851 4399 901 4446 est.
954 4403 1090 4444 cenorum
1098 4386 1246 4455 catalogum
1260 4383 1425 4440 derivatitet
1440 4400 1471 4439 ea
1484 4388 1609 4456 peculiari
1621 4390 1744 4444 versione

147 4453 241 4513 'lise
260 4459 280 4512 V
293 4460 410 4515 ndebou.
425 4468 453 4514 et
468 4458 564 4513 Veron.
581 4457 671 4513 delent
684 4461 747 4514 artis.
955 4477 1015 4528 ntiae
1026 4461 1052 4513 in
1062 4474 1113 4513 ins.
1128 4458 1186 4512 Vat.
1199 4455 1306 4525 {legium
1320 4463 1426 4522 recepta
1443 4455 1507 4523 luit,
1522 4457 1601 4527 hujus
1616 4460 1757 4515 lectiones.

145 4529 336 4592 ‘Quosnellns
350 4545 384 4582 ex
399 4544 449 4583 tus.
464 4529 549 4583 Oxou.
564 4528 666 4584 addidit
684 4547 691 4582 τ
707 4529 773 4584 ilinc
784 4539 821 4583 est
834 4531 904 4596 quod
918 4553 943 4613 D
956 4532 982 4585 in
996 4530 1117 4599 mouenti
1132 4528 1253 4595 catalogo
1274 4540 1463 4593 nonnunquam
1479 4527 1514 4582 ila
1530 4529 1615 4583 secuti
1639 4545 1743 4598 suroris,

113 4611 234 4650 meroes
248 4601 381 4652 nominum
394 4614 505 4654 cccrrttt
518 4599 621 4652 minime
630 4609 727 4654 conetur
741 4614 751 4654 .·
763 4608 790 4654 ct
803 4601 904 4655 nestoris
956 4617 988 4654 ae
997 4602 1020 4655 si
1036 4617 1051 4654 e
1066 4608 1164 4653 nostroe
1176 4596 1342 4652 collectionis
1355 4595 1447 4650 cortice
1461 4600 1642 4665 provenerint.
1652 4603 1745 4667 Quoad

112 4673 167 4720 hec
181 4669 335 4724 desiderari
352 4669 637 4725 incedlhnanCum
653 4679 741 4724 autem
759 4671 902 4725 itoecomit·

111 4744 200 4792 tantur
215 4740 298 4793 etiam
324 4740 350 4794 in
366 4740 458 4793 codice
471 4738 596 4802 Vindob,
622 4741 660 4794 nti
684 4741 786 4796 intrusa
808 4741 836 4795 itt
851 4755 901 4796 ms.

113 4811 257 4862 recentiori
273 4819 300 4864 et
314 4809 393 4863 valde
405 4818 531 4879 corrupto
544 4811 733 4879 expunximus.

146 4876 156 4915 ¹
170 4879 252 4932 llunc
262 4880 368 4933 titolum
381 4893 413 4932 ct
422 4880 515 4934 eodem
525 4879 673 4937 Vindobon.
686 4897 737 4935 ms.
746 4876 902 4950 adjecimits.

110 4945 136 4999 ln
151 4964 205 5001 ms.
228 4949 365 5004 Veronen.
380 4950 415 5004 58
430 4949 559 5006 tensionis
578 4967 638 5021 nitar
653 4952 732 5014 sulco
746 4952 844 5008 dicitnr
854 4952 905 5006 lsi-

109 5019 238 5085 dnrtrnn,
257 5021 371 5076 babetur
392 5018 546 5090 :incipiunt
567 5023 670 5076 nomine
689 5024 864 5094 episcoporrmt
881 5033 905 5076 et

107 5091 311 5150 preciosiorem.
327 5091 390 5146 soh
402 5091 456 5145 osii
468 5102 494 5146 et
506 5093 650 5163 legatorum
666 5095 819 5163 apostolicus
832 5093 904 5148 sedis

108 5160 221 5213 uornina
236 5161 461 5230 subscriptionum
477 5161 590 5217 lorrnatn
602 5164 727 5219 retinent.
738 5163 833 5219 Caeteri
849 5166 905 5233 epi-

106 5230 183 5297 scopi
211 5244 262 5300 per
286 5232 437 5301 provincias
459 5232 664 5297 distribuuntur,
693 5235 770 5304 cuijus
793 5234 905 5302 catologi

107 5303 301 5368 antiquitatem
316 5304 558 5373 auctoritatemque
571 5304 731 5359 inVractatu
745 5304 778 5357 tle
790 5306 906 5372 antiqnis

106 5370 321 5427 collectionibus
332 5372 528 5428 vindicavimus
536 5386 604 5442 ptart.
616 5390 667 5438 t,c.
680 5377 705 5438 5,
717 5373 731 5445 ᾗ
744 5377 767 5428 l.
779 5375 815 5428 lta
827 5391 906 5443 porro

106 5443 151 5496 hie
173 5446 270 5508 primo
284 5438 364 5499 tirius
385 5444 525 5513 episcopus
546 5443 739 5508 Cordubensis,
762 5445 825 5499 dein
843 5460 907 5500 sero

39 5531 40 5572 1
107 5512 230 5566 ltontani
250 5515 397 5586 presbyteri
419 5527 479 5569 ante
492 5529 585 5570 omnes
605 5516 746 5585 episcopos
761 5515 906 5585 praeierun-

39 5579 40 5596 ¹
105 5590 150 5636 tor
160 5581 327 5649 subscripti,
344 5583 381 5638 uti
397 5585 517 5640 eumdem
532 5587 623 5639 osium
638 5585 757 5654 aliosque
772 5584 839 5639 duos
853 5585 905 5638 llo·

39 5683 40 5716 ,
106 5667 208 5709 stauos
233 5655 408 5725 presbyteros
431 5657 529 5723 prinus
553 5656 724 5726 subsignasse
748 5654 902 5725 synodicam

956 4672 1107 4727 tersionem
1124 4684 1187 4723 vero
1203 4668 1322 4723 Priscam
1337 4666 1499 4721 eotrtnlimtts
1511 4670 1573 4723 cod.
1587 4670 1647 4727 Vnt.
1664 4669 1745 4739 tots,

956 4752 983 4796 et
998 4742 1084 4811 quood
1095 4739 1268 4796 isidorianam
1281 4737 1494 4807 antiquissimum
1507 4738 1688 4796 Veronensent
1699 4740 1745 4807 ho,

956 4816 1000 4881 qtti
1016 4814 1100 4868 solam
1114 4825 1245 4866 canonum
1260 4808 1415 4863 Graecorum
1437 4808 1684 4878 interpretationem
1699 4828 1745 4867 es·
1794 4812 1799 4882 ’ξ

957 4882 1042 4938 bibet.
1057 4884 1129 4939 lttter
1139 4883 1246 4936 codices
1260 4893 1348 4936 nutem
1360 4879 1525 4936 lindrinneos
1536 4883 1577 4938 usi
1591 4897 1684 4939 eureus
1694 4899 1746 4940 tus.

958 4953 1132 5010 vallicellano
1148 4956 1168 5007 h
1182 4952 1210 5008 h.

993 5023 1186 5080 ⁸Particulam
1209 5021 1262 5086 sic,
1287 5035 1367 5090 quam
1388 5018 1512 5076 Socrates
1534 5022 1646 5089 aliaeque
1662 5023 1746 5078 colle·

956 5095 1058 5149 ctiones
1073 5093 1212 5158 exhibent,
1226 5093 1304 5147 nobis
1314 5089 1437 5161 praestitit
1452 5101 1544 5166 noster
1554 5094 1637 5149 codes
1648 5093 1747 5150 Vinde-

957 5164 1094 5220 bonensis.

994 5233 1180 5301 bQuosnellus
1195 5235 1221 5288 in
1238 5234 1357 5304 margine
1370 5250 1376 5288 :
1394 5231 1436 5286 hl.
1454 5229 1579 5285 Vitusnsl
1593 5230 1664 5290 Vito.
1681 5232 1748 5293 beto

958 5306 1038 5360 codd.
1055 5305 1153 5360 Veron.
1171 5306 1216 5369 58,
1239 5303 1298 5357 Vnt.
1314 5303 1392 5363 loti,
1413 5300 1492 5355 barb.
1507 5300 1588 5363 2888.
1613 5304 1747 5364 Vettios

960 5377 987 5440 5,
1017 5385 1045 5431 et
1062 5376 1151 5432 Prisca
1167 5375 1257 5431 versio
1277 5373 1346 5442 apud
1361 5371 1501 5426 lustrlhtm
1522 5371 1649 5432 omittunt
1670 5393 1750 5435 voces

961 5462 1008 5512 pro
1018 5450 1153 5502 senmuiili
1168 5448 1222 5502 niro
1243 5461 1316 5516 popo·
1327 5454 1351 5499 et
1362 5443 1481 5512 episcopo
1494 5452 1581 5500 nostro
1593 5457 1680 5503 sancto
1694 5448 1749 5505 Sil·

958 5528 1041 5569 restro
1063 5518 1271 5589 subscripsimus,
1293 5517 1328 5571 ito
1350 5512 1562 5570 cretenensis
1584 5535 1663 5592 srtpm
1684 5523 1749 5574 scri-

959 5597 1031 5653 ptura
1044 5599 1091 5642 ear.
