4000 6175
255 252 306 312 bii
716 245 886 303 densauit
905 244 951 301 tu
971 244 1000 302 S.
1022 244 1143 304 luobus
1161 242 1270 303 tinctu
1287 245 1411 302 OPERA.
1838 234 1892 290 ott

255 370 389 445 praepone
403 369 446 425 vel
458 366 547 423 taliter
557 362 708 434 praepositis
720 373 844 431 perversa
856 360 1046 414 communione
1061 362 1085 420 n
1100 360 1181 415 lutam
1203 360 1304 415 habent
1326 356 1564 425 rurnrnnnioncm,
1589 356 1802 428 permixtamque
1825 373 1890 410 earn
1966 402 1967 409 ,

256 466 404 536 permistos
416 470 474 527 est,
492 460 538 531 qui
554 459 604 513 hoc
618 457 678 525 ipso
692 452 840 508 aecrrndom
853 466 970 506 maranes
985 448 1046 506 lue·
1098 450 1219 521 pertidia,
1232 454 1346 505 miscere
1357 447 1513 503 concilium.
1527 446 1610 501 llccte
1622 445 1703 515 igitur
1716 460 1762 514 per
1773 444 1891 501 Cbalcru

256 563 318 613 rant
337 557 371 611 ab
385 552 567 610 ecclesiastica
581 546 772 603 communione
786 542 921 613 pellendi.
943 557 997 610 qnu
1017 555 1047 596 se
1098 539 1227 595 dnnctnis
1240 538 1334 610 synodi
1353 537 1464 593 formam
1481 536 1631 605 hujusmodi
1646 536 1832 614 praevaricatio
1849 550 1899 589 re·

257 648 328 719 passi
348 653 411 701 surrt
431 652 604 697 successores
617 636 686 690 rivis
707 633 893 690 sacerdotibus
913 632 1047 687 adbiberi.
1099 632 1174 700 pulsa
1195 636 1253 694 est,
1276 627 1468 698 potiusquam
1490 626 1523 681 ad
1544 624 1688 682 crancilium
1701 635 1725 691 t,
1747 628 1818 696 qnod
1842 642 1895 679 trec

258 740 323 806 Quis
337 745 426 791 autem
448 748 501 787 non
518 729 665 801 perspiciat
675 727 850 790 cbristianns,
865 724 936 795 quod
956 724 1050 778 castro
1098 731 1240 791 opuscrat
1262 728 1321 788 post
1344 719 1620 791 primamsguodum.
1644 732 1695 774 nec
1717 733 1779 773 eum
1795 718 1894 772 talrlmr
1966 784 1967 791 ἵ

258 832 317 889 licis
331 828 503 900 pautitlcibus
522 840 539 880 a
557 823 664 893 propria
686 820 750 875 seda
771 819 898 888 dejectis,
921 832 974 872 non
999 815 1049 869 uisi
1100 814 1192 868 baberi
1207 813 1314 881 licebat,
1330 813 1444 867 adducta
1457 823 1507 866 ost.
1523 810 1588 867 Nara
1602 820 1630 867 ct
1644 810 1707 879 quid
1721 822 1848 881 ageretur
1859 813 1896 866 de
1966 862 1967 907 3

259 920 378 977 baeretici
390 924 535 988 putruerunt
547 910 921 978 introducllQuibustaruen
935 907 1050 971 crmctis,
1101 903 1154 959 ttue
1174 903 1307 960 catholiea
1333 903 1483 974 intelligere
1503 902 1526 958 si
1547 903 1668 967 vellent,
1692 902 1819 971 ignorare
1840 916 1895 956 uon
1966 918 1967 949 r

259 1011 303 1067 vel
322 1016 416 1066 auctor
431 1008 482 1063 init
496 1003 609 1061 dranus
623 1000 817 1072 subrogandus,
837 999 880 1053 vel
901 995 1052 1067 sntrrrrgatis
1102 1003 1242 1064 poterant:
1264 1011 1324 1050 cunr
1340 994 1462 1050 viderent
1476 995 1625 1048 ratbolicos
1644 992 1801 1063 pontillces,
1825 992 1896 1046 nulla

260 1102 472 1159 communicator
485 1096 616 1158 accessit,
640 1093 707 1149 bis·
720 1092 811 1161 utiquc
826 1089 871 1158 qui
891 1103 907 1142 a
928 1103 1051 1143 coutuut-
1101 1084 1196 1154 syrrodi
1220 1084 1399 1150 discussione,
1425 1083 1500 1137 nulla
1522 1082 1647 1146 concilia,
1671 1082 1807 1152 precipue
1833 1098 1893 1136 curu

260 1193 340 1246 rriorre
352 1189 538 1245 hereticorum
549 1186 703 1240 nullatenus
712 1179 910 1250 discrepabant.
925 1179 978 1231 Cur
987 1192 1052 1246 ergo
1103 1190 1186 1229 narras
1196 1189 1290 1229 causas
1300 1189 1362 1230 csse
1373 1172 1580 1245 perpenderent,
1592 1182 1649 1227 tuto
1660 1173 1771 1228 Oriente
1781 1173 1896 1241 depelli:

261 1284 305 1337 vel
321 1297 381 1337 cum
399 1280 456 1334 baec
472 1278 530 1332 lieri
545 1276 668 1339 videret,
689 1289 758 1336 nnn,
774 1271 845 1326 sicut
860 1270 910 1324 sub
925 1268 1054 1322 Basilisco
1103 1264 1305 1335 etcartcriqaid
1317 1275 1497 1329 saveranges
1510 1265 1617 1319 illorum
1629 1263 1759 1334 qualitate
1773 1261 1897 1318 ‘discer-

262 1376 314 1441 iam
328 1374 442 1432 iecerat,
463 1368 497 1421 atl
517 1364 693 1436 apostolicam
707 1363 799 1417 sedem
813 1358 915 1415 reterre
928 1355 1052 1412 curarit:
1104 1371 1169 1412 nere
1191 1358 1350 1426 potuissent.
1377 1354 1470 1410 Restat
1493 1355 1573 1425 igitur
1595 1363 1624 1408 ut
1645 1351 1719 1408 illius
1745 1354 1833 1422 partis
1852 1368 1898 1407 eas

263 1470 292 1516 ut
307 1462 329 1517 si
344 1462 419 1515 sulus
439 1460 496 1528 ipse
518 1471 571 1509 nrm
591 1461 712 1524 poterat,
731 1450 746 1489 b
765 1450 866 1519 junctis
883 1463 945 1504 cum
960 1446 1054 1503 eadem
1105 1446 1189 1504 luisse
1201 1448 1236 1504 sit
1248 1447 1362 1513 clarum,
1376 1446 1419 1501 cui
1431 1460 1462 1501 sc
1479 1455 1541 1515 post
1559 1454 1599 1500 tot
1612 1445 1797 1512 experimenta
1817 1444 1899 1501 dedc-

263 1551 384 1608 cuusilils
397 1559 477 1618 atquc
490 1546 647 1601 tractatibus
660 1543 730 1614 apud
744 1542 933 1611 imperatorem
947 1545 1056 1608 possent
1105 1549 1179 1608 runt,
1195 1541 1346 1610 nteritoquc
1356 1537 1390 1592 ab
1399 1536 1545 1607 apostolica
1558 1534 1624 1590 sade
1636 1535 1797 1603 ceterisque
1810 1541 1899 1588 cattus

264 1661 323 1713 qun
346 1641 468 1712 religioni
483 1644 670 1708 competerent
688 1633 820 1704 allegari?
844 1631 911 1687 Naro
935 1631 959 1685 si
983 1630 1057 1684 ltasi-
1107 1634 1176 1699 lieis,
1196 1647 1251 1687 nnn
1263 1630 1319 1699 jam
1333 1628 1490 1685 consulendi
1505 1637 1595 1692 crant,
1608 1625 1655 1681 sed
1672 1625 1759 1695 potius
1774 1626 1898 1697 nolano.

264 1738 358 1802 liseur,
380 1744 409 1789 ut
430 1734 601 1795 dictumest,
616 1728 759 1799 Tyrannus
776 1725 933 1789 haereticus,
948 1722 1056 1789 scriprtis
1071 1717 1093 1778 B
1108 1723 1225 1778 llisimus
1248 1732 1349 1789 auum,
1374 1718 1446 1790 quod
1470 1719 1673 1788 prerogativam
1691 1715 1782 1770 volunt
1797 1716 1900 1771 doario

265 1826 419 1895 apostolica
434 1824 507 1879 sedis
521 1821 696 1878 vehementer
709 1819 838 1874 intractus
852 1825 908 1880 est,
923 1825 950 1868 ct
966 1830 979 1866 n
993 1813 1054 1883 plu·
1106 1814 1273 1881 comparari,
1299 1812 1361 1880 quia
1388 1811 1530 1879 episcopus
1557 1807 1639 1863 inerit
1666 1810 1744 1875 regie
1768 1806 1898 1861 civitatis.

266 1921 341 1975 rimis
356 1926 496 1974 revocatus
508 1912 683 1976 excessibusg
702 1920 802 1979 quanto
823 1910 905 1978 magis
920 1905 1055 1976 legitiraus
1106 1904 1229 1975 b'unquid
1243 1904 1312 1975 apud
1328 1902 1522 1967 Mediolanum,
1543 1899 1614 1970 apud
1633 1898 1807 1964 llavermam,
1831 1899 1900 1969 apud

266 2013 423 2082 imperator,
444 2007 488 2077 qui
507 2005 712 2062 secatlmlicum
729 1999 949 2063 viderirolebat,
973 1999 1057 2066 potnit
1106 1995 1255 2058 Sirmium,
1284 1993 1353 2062 aprul
1377 1991 1505 2047 Treviros
1532 1992 1623 2046 inultis
1655 1990 1826 2061 temporibus
1850 2007 1900 2045 vion

266 2118 328 2158 cum
346 2099 492 2169 apostolica
516 2096 581 2153 scdc
604 2105 759 2151 catnetorum
779 2104 884 2161 quoque
903 2088 1056 2158 pontillcnm
1107 2088 1227 2141 constitit
1241 2083 1408 2152 imperatnrl
1423 2082 1610 2153 Nurrrquiduam
1626 2081 1721 2136 irarum
1738 2082 1849 2136 urbium
1861 2097 1901 2137 sa·

267 2192 402 2248 moderata
420 2185 738 2259 suggestionsnnngan;
760 2182 970 2252 praecipuarum
986 2178 1059 2246 ojus-
1107 2178 1231 2234 cerdotcs
1245 2178 1313 2232 ultra
1330 2192 1484 2236 mensuram
1501 2176 1611 2230 sibimet
1622 2175 1772 2246 antiquitus
1787 2175 1901 2244 deputa·

267 2284 328 2339 dem
341 2280 431 2337 Aeacii
452 2287 526 2334 esset
546 2275 672 2348 specialis
688 2274 776 2329 iautor
790 2281 817 2327 et
831 2278 945 2334 cruatur,
966 2276 995 2323 et
1013 2266 1057 2337 qui
1109 2282 1163 2328 mm
1175 2272 1312 2344 quidpiam
1325 2271 1381 2327 suis
1396 2271 1569 2338 dignitatium
1581 2270 1764 2342 usurparnutl
1778 2270 1901 2343 Nunquid

267 2369 603 2436 litterissuisuamipsum
616 2365 759 2427 Acacium.
775 2369 991 2431 (tumentium
1008 2373 1058 2428 bt·
1109 2364 1223 2418 Aeacius
1238 2373 1267 2417 ut
1281 2361 1409 2416 loarruem
1424 2359 1599 2431 qualemlibet
1619 2360 1773 2427 bominem,
1791 2360 1902 2417 catboli·
1949 2410 1953 2419 .

268 2464 328 2534 pam
350 2459 515 2527 Simplicium
531 2456 634 2527 magnis
650 2455 775 2510 laudibus
794 2452 949 2516 extulisset,
962 2461 974 2489 ⁰
987 2449 1058 2518 quon
1109 2470 1170 2511 cum
1186 2462 1290 2518 tannen,
1311 2452 1482 2509 acatholicis
1496 2451 1665 2519 ordinatum,
1685 2452 1720 2508 ds
1739 2454 1902 2510 Alexandria

229 2570 231 2572 ·
270 2553 396 2608 bercticu
408 2549 626 2606 constantissima
640 2544 822 2600 restitissentl
836 2543 891 2597 Cur
903 2551 977 2596 tanto
990 2551 1059 2597 tern-
1109 2545 1276 2612 agetnnaret,
1288 2546 1450 2614 Petrumqne
1460 2546 1486 2599 in
1499 2544 1593 2609 heresi
1605 2544 1662 2616 jam
1674 2546 1812 2602 ‹letrctnm
1825 2556 1902 2612 atquc

270 2655 335 2712 porc
348 2642 461 2696 acacius
471 2641 542 2695 inter
553 2639 604 2693 ista
617 2636 762 2692 conticuit:
777 2635 828 2689 nisi
844 2635 906 2703 quia
919 2630 1059 2703 praepediri
1110 2637 1283 2701 demnatum,
1303 2635 1406 2706 anegare
1420 2635 1492 2692 senis
1505 2636 1660 2701 apostatice
1670 2636 1751 2709 350
1763 2638 1902 2692 conanna-

271 2732 383 2790 raplebat
394 2732 538 2797 ullatenus,
551 2744 611 2799 que
624 2727 794 2783 desiderabat
806 2724 922 2794 sapien?
1112 2727 1184 2783 tione
1204 2728 1350 2797 reciperet,
1373 2726 1461 2796 aliqua
1482 2728 1586 2797 synodo
1607 2727 1702 2781 saltem
1726 2727 1782 2781 illic
1804 2728 1903 2791 babila,

305 2822 370 2880 Car.
385 2821 430 2878 tt.
443 2851 479 2863 -
494 2821 626 2874 Purramns
643 2830 750 2886 tamen,
773 2816 878 2872 etiamsi
894 2814 965 2869 nulla
980 2829 1062 2886 syna·
1113 2819 1299 2875 lmcandactcr
1311 2820 1435 2887 arripuit,
1449 2829 1478 2873 ut
1490 2819 1682 2875 Calendionenr
1694 2819 1750 2875 sne
1762 2821 1903 2875 tntiarbla

271 2917 321 2971 dus
336 2913 533 2983 processisset,
554 2911 632 2979 cujus
645 2908 791 2978 apostoliea
806 2907 885 2963 sedes
899 2919 971 2961 rocta
986 2906 1063 2960 deret
1113 2912 1270 2979 depelleret,
1282 2911 1489 2981 laareticumqne
1500 2909 1619 2977 Petrum,
1632 2926 1711 2981 quem
1721 2911 1780 2981 ipse
1793 2912 1904 2966 domm.

272 3006 433 3067 exsecutrix,
444 3018 505 3057 curn
518 3002 616 3071 quinne
628 3012 686 3056 erat
700 2999 734 3054 da
748 2999 846 3054 acacia
855 2997 1062 3070 355synudus
1113 3012 1200 3070 verat,
1218 3004 1320 3071 absque
1338 3003 1431 3058 notitia
1447 3003 1687 3074 sedisapostolicae
1701 3020 1796 3060 rursus
1811 3007 1905 3060 adnuit·

272 3097 388 3153 tuennda
400 3097 412 3150 l
426 3095 550 3164 Numquid
566 3107 627 3148 cum
644 3092 686 3146 bis
700 3091 746 3162 qui
761 3092 817 3160 jam
831 3090 976 3159 participes
989 3082 1098 3145 terre-C
1115 3105 1194 3160 terat,
1211 3096 1297 3164 atiqna
1313 3095 1417 3166 synoda
1430 3096 1457 3150 id
1473 3094 1568 3151 iecisse
1584 3098 1768 3152 moustnrtnrl
1792 3097 1822 3154 st
1835 3108 1905 3154 certe
1966 3080 1967 3090 ¹

273 3190 369 3244 bantur
391 3186 489 3241 bracio
516 3194 543 3239 ct
567 3198 614 3254 per
642 3181 780 3239 Orientem
804 3191 888 3237 tntum
925 3182 1064 3237 catholicis
1116 3184 1150 3239 dc
1172 3183 1302 3254 dignitate
1324 3182 1613 3255 agiumlctvttnnrn,
1637 3190 1762 3243 securulae
1787 3191 1861 3245 sedis
1880 3199 1905 3246 ct

273 3277 458 3333 sacerdotibus
476 3274 606 3329 violenter
618 3274 734 3329 exclusis
752 3281 780 3328 et
792 3289 839 3339 par
851 3273 944 3329 exsilia
957 3273 1063 3327 diversa
1117 3278 1202 3333 tertio
1218 3279 1304 3343 saraiae
1317 3287 1359 3332 est
1375 3277 1490 3347 dignitas
1504 3282 1687 3342 sacerdotum,
1702 3296 1784 3348 quam
1800 3282 1907 3351 ejtnci·
1943 3327 1945 3330 ,

274 3370 413 3437 retegatis,
439 3367 504 3420 socii
530 3365 670 3421 evidenter
693 3364 845 3420 existebant
867 3364 1065 3420 wrrrrrruomuis
1117 3370 1217 3432 vitans,
1231 3387 1291 3436 qum
1309 3386 1362 3424 uon
1378 3371 1465 3425 solum
1482 3372 1551 3427 inter
1563 3371 1642 3427 sedes
1659 3374 1770 3427 unitrirnc
1786 3387 1906 3430 numera·

273 3468 403 3517 stlattas.
425 3456 498 3525 tritt
518 3470 550 3510 ⁸0
571 3455 604 3510 td
627 3454 686 3510 ¹¹30
704 3456 838 3510 consortia
860 3455 1063 3521 transierernes,
1118 3473 1171 3526 tur,
1194 3462 1240 3517 sed
1263 3477 1312 3517 nec
1332 3465 1399 3518 intra
1415 3463 1682 3532 metropolitanorum
1696 3465 1755 3531 jura
1771 3477 1906 3521 censetur.

274 3568 353 3622 quant
369 3548 442 3606 sedis
458 3546 611 3617 apostolica
625 3549 692 3603 scita
708 3547 898 3602 considerent?
919 3548 984 3603 (lum
1003 3546 1065 3617 qui·
1118 3552 1185 3607 ltarn
1203 3552 1273 3622 quod
1291 3551 1394 3618 dicitis,
1413 3550 1512 3625 tregia
1524 3553 1646 3618 ciuitatis,
1666 3553 1718 3607 alia
1733 3564 1856 3623 potesse.-
1869 3561 1907 3611 err

274 3643 325 3696 irus
339 3649 475 3709 arguerat
489 3636 757 3706 synadosineundal
776 3635 908 3692 Catbolici
925 3638 1065 3705 pontifices
1117 3643 1193 3710 regni
1218 3642 1373 3706 suentana,
1406 3642 1458 3698 alia
1483 3643 1727 3700 ecclesiasticarum
1752 3645 1907 3701 distributio

275 3731 379 3786 iucraut
401 3730 518 3800 undique
541 3731 596 3798 jaan
620 3729 741 3798 depulsi,
763 3732 867 3798 studique
882 3738 1068 3785 rcutanscrant
1119 3734 1288 3803 dignitatum.
1312 3734 1389 3789 Sicut
1402 3735 1474 3788 carim
1489 3736 1614 3804 quassatis
1629 3751 1709 3804 parta
1723 3736 1823 3791 civitas
1842 3752 1907 3807 μη·

275 3822 341 3876 auen
358 3820 533 3889 pcrlldrrrnm,
544 3834 605 3873 curn
618 3820 716 3888 quibus
727 3818 782 3888 jam
797 3833 847 3874 nec
862 3819 958 3877 licebat
968 3819 1067 3876 babere
1119 3823 1267 3892 rogativam
1283 3827 1420 3893 presentis
1435 3827 1510 3895 regni
1525 3840 1579 3881 nora
1595 3828 1700 3893 nvinuit,
1712 3829 1753 3883 sic
1765 3829 1909 3899 irriperialis

276 3923 451 3975 corruentum,
471 3906 743 3975 ldtnntepsatmoz
761 3908 891 3964 Nonaetii
911 3910 937 3963 iu
959 3911 1067 3965 eoncilia
1120 3919 1261 3984 praeserttia
1288 3932 1440 3970 nacttsuram
1467 3918 1675 3986 alisparvsatianis
1699 3920 1835 3989 reugiosa
1859 3936 1908 3976 unu

276 4003 409 4066 vanitatis,
431 4012 455 4055 et
475 4017 535 4055 curn
554 4001 647 4070 iniqua
660 4000 804 4073 gerentibus
819 4017 869 4055 nun
884 4002 993 4057 introibo
1007 4003 1066 4077 (re.
1122 4017 1218 4062 mutat.
1243 4009 1284 4063 Sit
1301 4011 1374 4063 clara
1390 4010 1453 4064 orbs
1469 4011 1513 4063 illa
1532 4021 1623 4079 paret
1640 4022 1666 4067 te
1688 4013 1849 4080 prasentisi
1865 4015 1913 4068 im·

280 4109 341 4158 arr,
355 4094 392 4184 t).
407 4091 462 4147 llcc
475 4089 651 4146 ecclesiastici
666 4090 750 4144 nataris
763 4099 805 4145 cst
818 4105 878 4146 cram
894 4093 937 4147 bis
951 4095 996 4164 qui
1010 4096 1069 4166 pnl-
1123 4100 1265 4171 perstatis,
1284 4099 1376 4171 religio
1390 4101 1549 4157 subendam
1564 4111 1627 4157 tuac
1640 4101 1726 4171 druna,
1740 4113 1805 4160 tunc
1818 4104 1910 4170 libers,

314 4259 326 4288 ⁸
344 4249 504 4306 ddi-arbium
515 4249 603 4316 atique
613 4262 647 4304 cx
659 4248 844 4305 austrisrodd.
861 4259 889 4306 ct
899 4251 972 4325 vulg.
984 4254 1068 4311 Cone.
1123 4254 1184 4311 Nan
1194 4258 1250 4312 aedi
1264 4295 1294 4322 ...
1310 4274 1362 4313 non
1376 4258 1506 4314 introibo:
1521 4259 1590 4314 adini
1604 4264 1826 4333 congregationem
1841 4262 1911 4316 nuli·

279 4322 475 4378 revocavimus.
1139 4342 1241 4393 narum,
1264 4336 1288 4381 et
1307 4343 1364 4383 curru
1379 4329 1466 4398 impiis
1479 4346 1530 4383 tran
1542 4332 1644 4387 ardelo.
1664 4330 1741 4386 Ileete
1757 4334 1848 4405 igitur.
1859 4345 1911 4386 ete.

314 4390 328 4430 δ
342 4388 422 4445 Virrd.
436 4399 461 4444 et
476 4387 552 4456 iat,
563 4391 662 4444 eunetis
675 4406 733 4445 curn
747 4389 845 4457 eudem,
856 4400 885 4447 et
899 4403 990 4462 postea
1006 4397 1066 4451 alle·
1121 4346 1180 4453 glus
1196 4398 1341 4464 concilium,
1354 4406 1383 4454 et
1396 4398 1457 4454 dein
1472 4401 1575 4470 emulsa
1587 4409 1625 4455 ert
1646 4419 1698 4456 non
1721 4415 1774 4457 rans
1788 4420 1850 4456 rum
1867 4404 1912 4455 iis·

297 4462 336 4515 ari
351 4459 410 4515 sirie
426 4459 508 4514 verbu
528 4470 641 4529 posunt.
663 4459 724 4515 tlara
742 4460 870 4517 mendosa
895 4473 923 4518 ct
942 4462 1070 4520 dedcicus
1122 4470 1183 4522 dem
1198 4472 1273 4538 vrrtg.
1289 4469 1458 4539 scripsimus,
1469 4486 1548 4541 quana
1559 4486 1619 4526 cnm
1636 4474 1737 4542 rptirnn
1751 4491 1801 4529 nis.
1813 4473 1911 4530 Veron

289 4533 358 4587 ectio
373 4540 402 4585 ut
411 4530 600 4597 corrigeretur,
615 4530 660 4585 alii
673 4532 840 4599 scripserunt
854 4543 883 4587 ut
899 4535 926 4587 ln
943 4533 1004 4588 Vat.
1020 4536 1068 4603 ls,
1123 4538 1199 4607 Apud
1215 4539 1329 4603 Orissa..
1342 4540 1496 4607 consiliante
1510 4551 1536 4595 rt
1546 4542 1620 4606 «lein,
1634 4541 1801 4604 depulsaeat.

278 4610 459 4673 congruerunt
476 4598 661 4666 allegarentur.
686 4602 760 4669 upon
776 4602 891 4667 Quem..
906 4616 1068 4669 cananeum,
1119 4625 1120 4628 ¹
1158 4609 1287 4675 ‘Quaen
1304 4610 1347 4665 bic
1367 4609 1460 4663 inserit
1483 4612 1582 4677 relata,·
1605 4613 1697 4667 delent
1716 4629 1810 4668 arrrrres
1828 4615 1911 4667 riustri

268 4668 306 4734 'et
315 4671 496 4740 allegarentur.
508 4667 605 4726 Veram
623 4671 806 4739 integramque
821 4673 974 4738 lectionem,
988 4691 1068 4743 quam
1083 4674 1110 4735 b
1123 4678 1202 4734 codd.
1215 4694 1281 4733 ratas.
1292 4691 1319 4733 ct
1330 4679 1434 4735 excusi.
1450 4682 1488 4736 Et
1501 4683 1573 4752 vulg.
1587 4683 1671 4737 Curre.
1688 4686 1836 4752 paulopost
1851 4701 1913 4752 sup·

279 4752 421 4795 currtcxtus
433 4739 526 4809 exigit,
552 4740 723 4809 prebuerunt
744 4742 852 4798 codices
877 4743 948 4814 vulg.
967 4745 1067 4801 Conci·
1122 4749 1261 4818 plevimns
1275 4749 1388 4804 adducta
1406 4761 1454 4817 ear,
1472 4767 1529 4818 gun
1545 4754 1628 4808 verba
1652 4753 1686 4808 ad
1706 4768 1814 4809 sensium
1834 4758 1913 4825 perti-

282 4806 389 4863 liurum.
1120 4820 1244 4873 ciendum
1260 4822 1412 4876 successoria
1427 4832 1513 4876 erant.
1534 4822 1605 4890 llos,
1621 4840 1669 4893 pra
1683 4825 1706 4877 si
1720 4823 1823 4889 uellent,
1841 4830 1909 4894 vulg.

319 4886 331 4915 ⁸
346 4877 396 4932 vu
416 4916 424 4929 .
440 4875 535 4943 cunc..
557 4877 625 4947 quad
639 4879 764 4935 hereticis
778 4882 980 4940 romanianus
993 4887 1069 4940 resti·
1120 4886 1205 4944 Canac.
1219 4891 1320 4946 ltalreut
1334 4892 1355 4943 ai
1370 4891 1519 4948 uoluissent.

280 4947 370 5001 uuest
409 4947 706 5028 onuaau.‚tuutapere
719 4959 1069 5038 praunrotengargqnam
1160 4957 1273 5015 leodii.
1297 4958 1397 5016 Veram
1421 4971 1449 5016 ct
1470 4962 1532 5018 lat.
1556 4962 1591 5019 ls.
1613 4977 1674 5019 cum
1695 4964 1771 5020 llcrl.
1791 4972 1820 5018 ct
1839 4967 1910 5024 vrri-‚-⁷

281 5018 495 5072 emundationem
510 5032 543 5071 ex
558 5015 658 5072 Veron.
671 5020 733 5076 cad.
755 5030 784 5077 et
806 5021 877 5092 vulg.
891 5023 975 5079 douc.
990 5040 1070 5081 rece·
1121 5028 1219 5094 corre,
1243 5031 1484 5155 disceregualitnte.
1507 5033 1572 5090 llein
1593 5034 1707 5101 Qucsn„
1733 5035 1913 5106 donaparat.

281 5087 379 5158 pimus.
403 5086 530 5142 Similiter
550 5087 657 5156 quidem
672 5104 732 5158 cap.
745 5092 777 5146 8:
791 5089 844 5147 Cur
865 5100 936 5146 tauto
957 5104 1071 5167 tempore
1123 5101 1314 5156 Salustitulntus
1337 5102 1346 5155 i

280 5173 338 5211 eum
358 5160 406 5211 ista
423 5167 581 5230 gererentur,
603 5161 641 5212 uel
660 5163 771 5232 gerenda
785 5173 958 5233 cognouerat.
973 5182 1025 5220 non
1036 5169 1072 5222 ad
1124 5170 1216 5225 editis.

280 5229 365 5283 udam
380 5229 546 5298 apostolieum
602 5228 697 5299 relerre
711 5233 897 5291 curauitellein
915 5249 1071 5308 proprepe-
1159 5244 1299 5308 tornesio,
1322 5242 1518 5312 refragantibus
1541 5244 1666 5301 omatibus
1685 5244 1782 5300 nostris
1800 5259 1869 5299 mss.
1886 5254 1912 5296 et

281 5301 332 5351 dun
346 5297 407 5353 var.
424 5298 458 5351 ls.
471 5300 551 5353 babet
562 5300 704 5370 pronibere.
716 5302 810 5359 Postea
821 5311 893 5375 vulg.
904 5304 999 5372 conc..
1012 5323 1070 5377 gua
1123 5308 1214 5374 cd'uir,
1227 5312 1259 5364 de
1274 5311 1391 5367 Ecclesia
1401 5313 1548 5385 depelleret.

281 5369 459 5435 probaretieis
472 5369 633 5424 desiderabat
647 5371 759 5434 impleri.
1157 5379 1172 5418 ¹²
1188 5381 1244 5436 tas
1257 5383 1388 5438 ciuitatum
1402 5384 1550 5452 Qucsnello
1563 5385 1674 5441 exciuit.

317 5435 331 5475 ἃ
344 5438 489 5507 Sequentia
501 5456 562 5495 cum
577 5443 688 5496 auctiori
713 5443 857 5512 psalnista
877 5447 1030 5502 testimonia
1041 5448 1067 5504 in
1161 5450 1168 5490 ¹
1188 5450 1266 5520 llnlg.
1281 5452 1366 5509 Corte.
1382 5455 1471 5510 delent
1486 5456 1564 5527 regie
1575 5456 1686 5512 ciuitatis
1709 5456 1787 5512 male.

280 5507 354 5587 vulg.
365 5504 448 5563 Corra.
465 5512 663 5566 transieruntur
680 5522 740 5579 post
755 5516 893 5583 periodum
908 5528 1067 5587 sequentem
1159 5521 1167 5572 l
1188 5522 1257 5576 liniti
1271 5522 1354 5579 Canac.
1377 5535 1405 5581 et
1423 5524 1498 5582 ttcrt.
1522 5540 1583 5582 cum
1608 5542 1675 5583 tusa.
1687 5498 1785 5584 iarun.
1807 5535 1835 5583 et
1853 5523 1913 5581 lat.

280 5588 321 5630 stc
333 5597 339 5629 :
352 5578 420 5642 Quia
439 5580 516 5633 maris
536 5582 700 5636 ecetenaatiri
719 5585 822 5639 amusium
843 5601 895 5638 non
912 5593 990 5651 esset,
1010 5603 1068 5642 curn
1121 5591 1168 5651 is..
1182 5592 1293 5662 imperii.

281 5642 321 5699 lais
384 5649 488 5702 miscere
506 5654 652 5706 ranrstruru.
682 5652 810 5725 Propheta
831 5672 928 5726 guoque
946 5659 1067 5714 dicetne:

1359 5103 1410 5157 tius
1432 5117 1493 5158 cnm
1519 5107 1644 5160 orrtnibus
1665 5106 1765 5161 nostris
1784 5105 1867 5160 codd.
1887 5116 1913 5157 et
