4000 6175
221 281 271 342 tlt
705 278 750 336 nb
766 275 880 335 ousttn
900 276 931 333 S.
954 274 1073 331 liudis
1093 272 1198 329 ttActlt
1216 271 1400 330 Artuuutx.

256 390 473 448 blatteilusstm.
705 387 860 444 dornssim.
1026 392 1055 451 Α
1102 384 1274 459 Eutyebius·
1290 385 1325 445 de
1336 384 1462 444 liutbona
1475 400 1527 442 srm

257 482 401 540 &nuntius
414 483 477 539 sim.
670 480 815 553 blartyrius
826 482 887 536 sim.
1102 478 1236 549 Aprianus
1249 480 1284 536 de
1300 480 1445 539 petabione
1460 478 1605 535 Pannoniae
1618 478 1680 533 sim.

255 573 421 645 Porphyrius
435 572 487 628 sim
670 570 811 642 lluoarpus
821 571 884 626 sim.
1101 571 1251 642 Antigonus
1266 573 1276 610 ²
1292 572 1458 628 Pellenensis
1473 570 1636 628 blaeeduniae
1650 570 1715 627 sim.

256 663 381 723 zosimus
392 663 456 719 sim.
542 696 548 733 ,·
671 661 770 718 Lusius
784 662 845 718 sim.
1101 672 1116 701 ἰ
1133 663 1270 720 bumetius
1281 663 1317 721 de
1329 666 1424 721 Araris
1438 664 1612 720 Constantius
1625 662 1686 721 sim.

255 754 397 825 Asclepius
407 755 470 810 tim.
672 762 686 792 ⁴
701 754 796 810 caloes
808 754 860 809 sim
1101 755 1239 825 olympius
1251 754 1286 813 de
1302 756 1359 810 lino
1373 754 1486 827 Rodops
1500 756 1562 811 sim.

255 848 393 918 Appianus
407 848 469 902 sim.
624 840 628 845 ’
671 844 904 902 bllasimussim.
1102 848 1226 905 Zosimus
1240 848 1462 920 oreomargensis
1475 849 1537 905 sim.

255 938 308 995 Per
322 938 452 1009 epistolas
465 938 498 995 de
511 938 606 996 Galliis
620 939 770 995 incolumes
784 955 833 995 sus
850 938 879 996 in
900 940 1015 996 [lumino
1102 942 1240 999 Protasius
1252 943 1396 999 Alediulan.
1407 944 1471 998 sim.

222 1037 300 1101 opto,
316 1027 497 1085 dilectissimi.
1103 1035 1208 1092 ilsreus
1221 1035 1354 1093 siscensis
1367 1034 1455 1092 Sariae
1467 1034 1530 1090 sins.

257 1120 425 1187 urcitanus,
436 1130 464 1177 et
473 1120 640 1178 Philoxenus
652 1121 761 1190 presbb.
773 1133 799 1177 et
813 1120 867 1176 Leo
883 1122 1016 1179 diaeonus
1102 1127 1241 1198 Etrearpus
1255 1126 1389 1196 Opuntius
1410 1125 1495 1199 [beot
1506 1125 1656 1199 Opuntius]
1674 1125 1785 1184 Acbaise
1797 1122 1842 1179 sim

221 1212 256 1268 ds
267 1210 354 1269 Roma
370 1212 522 1268 incolumes
535 1226 584 1266 vos
597 1219 731 1282 optamus.
1103 1218 1200 1274 Vitatis
1212 1218 1364 1274 vertaresis
1379 1216 1477 1274 Alricae
1491 1219 1554 1274 sint.

256 1304 423 1363 Gaudentius
436 1306 592 1362 Naisitanus
606 1306 749 1375 episeopus
765 1305 913 1361 incolumes
927 1322 974 1362 vos
988 1309 1016 1363 in
1104 1310 1232 1366 ilelianns
1246 1312 1280 1365 de
1290 1310 1415 1379 Tyrtanis
1428 1312 1489 1366 sim.

223 1397 337 1454 Domino
351 1406 424 1469 opto.
1102 1400 1285 1472 Synpborus'
1302 1400 1336 1456 de
1350 1399 1511 1471 lierapytbis
1525 1401 1612 1457 Cretae
1625 1400 1686 1457 siut.

259 1490 411 1546 Florentius
427 1500 439 1530 ⁰
456 1490 539 1546 blerie
552 1489 696 1545 Pannonius
707 1488 840 1545 similiter.
1104 1502 1118 1529 ¹
1132 1491 1260 1547 blosinius
1273 1492 1409 1547 lleracleae
1422 1492 1484 1546 sim.

258 1577 272 1617 l
285 1581 443 1635 Ammianus
455 1579 490 1635 de
500 1579 617 1634 Castello
630 1579 775 1633 Pannonio
787 1579 848 1634 sim.
1105 1584 1233 1641 ducissus
1247 1584 1438 1638 Cbisanrensns
1452 1586 1513 1638 sim.

258 1671 401 1727 Junuotitts
414 1670 450 1727 do
462 1670 615 1725 Bonetettlu
626 1671 687 1723 sint.
1103 1675 1242 1750 cydonius
1256 1675 1433 1747 cydonensis.

258 1761 435 1817 Prtetestutus
447 1769 460 1799 a
471 1760 505 1817 de
519 1758 669 1815 Nereidono
683 1761 767 1815 Pann.
780 1760 840 1814 sint.
1031 1755 1056 1816 B

261 1854 272 1892 l
289 1853 436 1926 ilyponeris
448 1854 483 1910 de
496 1849 602 1926 liypatn
613 1853 760 1911 Thessaliae
771 1854 832 1910 sim.

258 1945 778 2018 CastustdeAugustaGarsareasim.
1103 1950 1267 2006 Atlranasius
1292 1949 1458 2020 presbyteris
1490 1959 1517 2002 et
1549 1945 1706 2002 diaconibus
1736 1945 1855 2001 omnibus

258 2035 339 2109 611
352 2036 467 2093 Severus
481 2033 496 2074 h
509 2036 544 2091 do
557 2036 661 2092 Calciso
674 2035 819 2092 Tbesssiite
830 2038 897 2097 sim..
1068 2054 1083 2093 t
1095 2043 1223 2099 Ecclesiae
1237 2052 1340 2097 sanetas
1358 2041 1428 2109 apud
1450 2039 1655 2103 Alexandriam,
1678 2047 1706 2094 et
1717 2035 1855 2094 Parembo-

258 2128 381 2190 luliunus
399 2127 408 2167 ¹
424 2130 458 2185 de
469 2128 685 2200 Tberiseptapoli
700 2130 761 2185 sim.
1068 2135 1121 2189 turn
1134 2133 1273 2189 catholicae
1287 2131 1469 2188 dilectissimis
1483 2129 1610 2185 iratribus
1623 2128 1750 2185 salutent.

259 2221 357 2279 Lusius
368 2225 402 2282 de
414 2226 518 2283 Verona
533 2228 596 2283 sim.
1102 2226 1184 2297 612
1197 2225 1261 2280 llaee
1275 2224 1425 2279 scribentes
1438 2230 1547 2292 oportet
1559 2222 1680 2289 epistolae
1701 2220 1855 2291 principium

259 2315 414 2385 Etspsniusi
433 2320 467 2374 de
478 2318 586 2376 lleeieal
601 2320 729 2392 Cyebinis
744 2320 806 2376 sim.
1068 2320 1213 2388 oratiarum
1228 2316 1328 2372 Claristi
1340 2315 1491 2371 actionibus
1506 2313 1612 2380 lacere,
1629 2313 1728 2368 iratres
1741 2312 1855 2366 dilectis·

260 2407 407 2466 tostum*
422 2412 538 2484 Lyobnis
549 2414 664 2469 sunosio
675 2413 781 2484 sputis
794 2412 855 2467 sim.
1068 2409 1146 2473 simi;
1164 2424 1235 2465 nune
1252 2418 1341 2464 autem
1356 2406 1475 2463 maxime
1487 2405 1564 2462 decet
1579 2405 1630 2461 boe
1644 2404 1719 2471 ieri,
1736 2404 1856 2475 quonian

260 2497 442 2571 Hermogenes
455 2501 489 2557 du
502 2503 626 2574 syceono
638 2502 730 2576 [Forte
743 2500 871 2575 Sicyone]
885 2502 953 2565 siut.
1068 2514 1097 2560 et
1111 2500 1180 2557 laeta
1190 2499 1274 2556 multa
1285 2498 1357 2570 apud
1369 2498 1530 2568 Dominum,
1546 2507 1575 2553 et
1583 2512 1679 2568 magna
1691 2496 1794 2551 babent
1802 2510 1856 2567 pra·

259 2590 389 2663 Tbrypbo
403 2592 438 2649 de
449 2592 554 2664 llagars
568 2594 631 2650 sim.
1069 2594 1151 2659 tiam,
1165 2598 1193 2649 et
1208 2601 1315 2662 oportet
1328 2590 1470 2647 credentes
1484 2590 1510 2646 in
1525 2604 1586 2645 eum
1600 2604 1654 2645 non
1668 2603 1730 2645 esse
1745 2589 1857 2656 ingratos

259 2682 422 2756 Paregotius
439 2684 448 2726 ¹
464 2685 595 2757 caspinus
610 2687 671 2744 sint.
1069 2695 1109 2742 tot
1129 2685 1186 2756 ejus
1201 2683 1348 2741 benoliriis.
1371 2683 1479 2740 Gratias
1501 2682 1581 2752 igitur
1603 2683 1708 2752 spiritus
1733 2681 1856 2739 Domino.

259 2785 279 2813 ¹¹²
291 2774 388 2834 caloes
401 2777 592 2834 castromartis
604 2779 664 2835 sim.
1068 2778 1114 2848 oui
1133 2791 1182 2832 nos
1196 2790 1305 2847 semper
1317 2775 1442 2832 omnibus
1458 2773 1547 2843 palam
1567 2774 1630 2830 lacit
1644 2774 1670 2828 in
1687 2772 1762 2839 ide,
1781 2772 1822 2843 qui
1835 2778 1858 2825 st

258 2866 395 2925 irenaeus¹¹
408 2870 547 2942 syconeus
560 2875 621 2929 sim.
1066 2872 1122 2943 latu
1142 2868 1309 2941 inpraesenti
1328 2882 1424 2939 magna
1439 2875 1468 2923 et
1481 2866 1614 2923 mirabilia
1631 2865 1696 2921 lecit
1715 2863 1856 2920 sectasse:
1933 2874 1936 2883 ’

259 2959 432 3018 lleeedunius
448 2970 461 3001 ⁰
477 2962 653 3035 lypianensis
667 2967 735 3029 sim.
1069 2978 1129 3034 quae
1141 2961 1212 3017 euim
1226 2974 1333 3016 rursum
1344 2958 1547 3014 sintmarersnt
1559 2956 1729 3024 divulgantes
1745 2951 1858 3009 baeretici

259 3049 405 3123 ”mim
419 3050 564 3124 Naupacto
575 3055 638 3111 sim.
1069 3054 1224 3122 Eusebiani,
1237 3061 1265 3110 et
1278 3052 1334 3108 Arii
1347 3051 1481 3119 haeredes,
1497 3052 1554 3107 bue
1566 3064 1660 3105 omnes
1671 3048 1715 3119 oui
1726 3048 1857 3105 convene·

1102 1830 1165 1871 ΙΤΕΙ
1184 1829 1209 1870 8.
1228 1830 1369 1870 stuttttstt
1389 1831 1423 1869 Ab
1442 1828 1589 1870 scetsstttt
1608 1827 1823 1869 stsxtnuutttts.

259 3140 396 3200 Palladius
407 3143 442 3201 de
454 3146 502 3202 Diu
516 3146 577 3203 sinn
1030 3123 1053 3188 0
1071 3156 1132 3203 runt
1145 3145 1265 3216 episcopi
1279 3143 1524 3214 pronuntiaverunt
1544 3141 1610 3197 iuisn
1628 3154 1660 3195 ea
1674 3154 1735 3195 esse
1755 3146 1783 3194 et
1794 3140 1855 3192 deta.

259 3244 274 3285 Ρ
288 3235 405 3293 Btuseus
418 3236 586 3295 Lttduneusis
602 3238 694 3296 Gallias
704 3238 766 3295 sim.
1071 3240 1106 3294 Et
1120 3239 1139 3294 ii
1152 3238 1219 3307 ipsi,
1237 3237 1282 3307 qui
1296 3236 1365 3305 apud
1380 3234 1479 3289 multos
1498 3239 1624 3303 putantur
1636 3245 1698 3286 esse
1710 3228 1854 3290 terribiles,

259 3323 388 3383 Ursacius
403 3329 551 3386 Brisiensis
563 3331 626 3386 sim.
1069 3338 1197 3397 tanquam
1211 3326 1332 3398 gigantes
1348 3324 1494 3390 nominati,
1512 3338 1560 3392 pru
1579 3321 1664 3376 nibilo
1680 3319 1767 3374 babiti
1781 3325 1855 3373 sunt:

259 3419 400 3475 Amantius
422 3429 438 3471 t
460 3421 684 3491 viminacensus.
714 3437 762 3495 per
785 3426 906 3498 presbyt.
933 3424 1018 3482 blasi·
1071 3433 1099 3479 et
1113 3422 1226 3488 meritu;
1242 3418 1465 3491 quemadmodum
1481 3418 1552 3473 enim
1576 3413 1739 3470 adveniente
1754 3413 1857 3466 lucete·

226 3521 298 3566 utum
312 3510 374 3566 sim.
1071 3512 1161 3570 nebrte
1172 3521 1330 3582 arguuntur,
1347 3511 1386 3564 sie
1400 3521 1448 3579 per
1460 3508 1603 3564 adrentum
1615 3507 1754 3578 justorum
1769 3500 1857 3573 iniqui·

261 3598 413 3660 Alexander
427 3614 438 3643 ¹
453 3604 618 3676 Gspureusis
629 3607 738 3664 Aebaiae
751 3608 813 3665 sim.
1072 3616 1112 3664 tas
1126 3605 1276 3663 revelatur:
1290 3611 1316 3657 et
1328 3601 1505 3668 presentibus
1514 3599 1629 3664 eereotts
1638 3596 1742 3652 debiles
1754 3592 1856 3651 conrin-

261 3736 276 3768 ⁸
291 3729 375 3786 Foru
387 3741 430 3787 est
446 3747 486 3800 tt,
501 3748 547 3804 otis
565 3734 637 3802 apud
652 3736 830 3794 Athanasium
845 3739 873 3795 in
891 3740 1020 3810 Apologia
1109 3747 1120 3772 ⁰
1135 3737 1198 3806 Lep.
1213 3735 1387 3805 Ulpiunessis.

226 3800 343 3858 seeundo
358 3802 427 3859 inter
440 3806 630 3875 episcoporum
649 3808 774 3874 nomina,
789 3809 834 3879 qui
849 3809 1018 3878 subscripso-
1107 3818 1120 3857 u
1135 3809 1245 3877 ttorrige
1263 3805 1417 3861 Verissimus
1430 3804 1616 3879 lupdunemis.

226 3877 289 3924 runt
304 3869 446 3941 Synudicae
458 3875 491 3930 ad
503 3889 597 3931 omncs
610 3876 754 3945 Ecclesiam
771 3879 970 3935 Gulbodicitur.
1052 3924 1054 3932 ,
1107 3889 1120 3926 a
1135 3877 1199 3947 [mg.
1223 3877 1426 3930 liminiocensis.

260 3936 275 3977 l
292 3940 417 3997 Errorem
428 3944 479 4000 bne
494 3946 519 3999 in
532 3948 591 4001 locu
602 3945 692 4002 inesse
702 3951 852 4004 notavimus
866 3951 891 4004 io
904 3958 1018 4004 tractato
1108 3959 1118 3985 ¹
1137 3950 1199 4017 teg.
1216 3944 1417 4017 Cyparissensis.

226 4018 297 4093 part.
309 4026 336 4075 t,
351 4026 375 4067 u.
392 4015 418 4080 i,
435 4014 481 4070 ubi
495 4016 529 4070 de
542 4016 785 4084 subscriptionibus
801 4019 909 4075 Petrum
925 4020 1017 4076 Sardi·
1107 4026 1117 4053 ¹¹
1135 4019 1199 4086 Leg.
1216 4021 1249 4070 de
1264 4016 1396 4071 demens.

225 4095 345 4136 censmm
360 4082 548 4139 disseruimus.
571 4086 739 4144 Probabilius
753 4090 859 4150 uidetur
873 4092 1016 4162 tegendum
1107 4089 1116 4126 l
1133 4089 1197 4157 Lep.
1213 4086 1348 4142 Pelleesis.

225 4148 383 4208 Maximinus
392 4156 526 4226 episcopus
538 4156 571 4209 de
581 4153 688 4224 Galliis,
702 4170 755 4215 otc.
1105 4168 1119 4195 ¹¹
1134 4161 1221 4214 Locus
1241 4167 1393 4227 corruptus
1417 4156 1475 4211 Duo
1497 4155 1638 4211 Domitiani
1661 4157 1696 4212 ab
1716 4157 1855 4214 Athanasio

262 4230 273 4259 s
289 4220 442 4292 Legendum
458 4225 579 4281 Emeritos
589 4226 718 4296 sparto:
729 4244 790 4284 nam
803 4229 873 4301 apud
888 4230 1016 4288 Hilarium
1069 4239 1262 4285 inumbrantur.

224 4300 335 4347 roratur
349 4291 499 4349 Florentius
512 4296 544 4349 ob
559 4297 668 4368 Sponit's
680 4299 714 4352 de
727 4298 850 4359 Emerita.
1105 4310 1117 4336 ¹
1132 4300 1243 4366 Corripe
1258 4297 1296 4350 lle
1307 4296 1467 4367 lerupptnir.

260 4360 274 4400 A
295 4361 449 4429 Lepesidum
469 4366 586 4436 Auiones
605 4370 638 4422 tie
660 4367 806 4427 Castellonu
830 4372 954 4443 Sponioe.
978 4375 1017 4430 uti
1106 4378 1119 4407 ¹
1137 4369 1212 4438 Apud
1228 4369 1401 4421 biltassssaltffll
1416 4367 1446 4421 Μ
1449 4369 1550 4422 ¹¹⁸⁰th
1565 4367 1673 4423 dieitur.

225 4430 294 4501 apud
309 4434 432 4489 eumdem
446 4435 586 4492 lliiatium.
1104 4449 1119 4489 t
1134 4441 1217 4496 Sicuti
1229 4439 1348 4510 synodus
1359 4438 1527 4494 sardicensis
1540 4441 1573 4491 ad
1588 4440 1734 4495 Ecclesiam
1746 4443 1855 4497 Aleten-

262 4511 274 4539 ·
297 4501 337 4583 lis
362 4505 458 4561 cudent
482 4503 583 4564 liilatio
605 4510 794 4582 corrigendum
818 4512 850 4567 de
873 4512 1018 4572 barcinone
1070 4511 1175 4565 drinim
1189 4509 1854 4577 opistnlnntdetlit‚ouaeerstatapudAthanasium

225 4569 342 4639 ΨΜ·
1032 4557 1200 4650 ”Apologia
1217 4579 1349 4642 secondo,
1371 4584 1406 4632 itu
1422 4585 1502 4634 etiarn
1517 4580 1560 4632 bic
1573 4581 1606 4632 ad
1627 4585 1749 4637 eattttlettt
1771 4585 1856 4638 Eccle-

262 4638 273 4680 f
289 4641 354 4711 Lug.
370 4642 641 4716 Hymsttoeus.Gunict·
652 4657 730 4706 tract
743 4650 899 4708 decolteet.
916 4663 984 4722 part.
997 4671 1017 4720 t,
1072 4654 1138 4705 siam
1153 4651 1259 4719 scripsit
1275 4650 1354 4703 brisce
1371 4652 1489 4711 litteras,
1504 4664 1563 4717 tyuu
1578 4667 1612 4704 ex
1631 4654 1692 4707 solu
1705 4666 1798 4708 nostro
1816 4668 1857 4704 co-

224 4722 284 4780 οιΨ·
301 4711 326 4765 7·
1072 4723 1130 4776 «tire
1145 4722 1238 4775 Latine
1252 4720 1362 4773 reddite
1373 4720 1451 4772 nobis
1461 4731 1628 4774 corisorvatoe
1643 4723 1758 4779 luserunt.
1773 4726 1799 4775 tn
1812 4725 1857 4792 Sy-

261 4779 353 4852 stry.
368 4783 400 4837 de
411 4781 527 4838 Cesarea
541 4786 666 4858 Aupttslo.
1073 4794 1166 4846 rtudica
1184 4793 1302 4858 legitur:
1323 4787 1501 4859 Prostylos,
1521 4802 1544 4843 et
1562 4791 1679 4848 diaconis
1698 4806 1721 4848 et
1739 4798 1857 4847 uniuerso

259 4846 276 4929 ¹}
290 4848 355 4921 Leg.
370 4854 402 4906 de
412 4849 543 4909 Cltuleide.
1072 4862 1102 4920 S.
1114 4863 1235 4915 Accone
1245 4858 1291 4911 Dei
1300 4860 1462 4912 Alesmnirioe
1470 4862 1618 4914 consistenti
1627 4863 1808 4942 (reparer-ism)
1819 4865 1858 4916 di·

262 4930 273 4994 ξ
291 4920 354 4990 Lep.
370 4925 402 4976 de
414 4920 666 4996 Tbellslieptopyli.
733 4997 738 5004 ι
1071 4935 1142 4987 lectis
1157 4931 1278 5001 pruritus
1291 4933 1317 4981 in
1332 4931 1441 4982 bornino
1453 4934 1570 4985 sulutem.
1589 4933 1681 4988 Simile
1696 4927 1819 5003 tyniddn‘tn
1831 4932 1855 4985 in

260 4995 268 5035 ¹
290 4990 355 5062 teo.
369 4995 401 5047 de
415 4991 543 5050 Heracleo
556 4996 654 5051 Lodici.
1072 5003 1211 5056 Atlmnnsii
1226 5001 1400 5065 inscriptione
1421 5001 1548 5069 seriptum
1564 5001 1646 5057 luisse
1662 5006 1774 5065 ridetur,
1789 5002 1854 5068 opud

261 5057 273 5098 t
291 5061 348 5117 llou
364 5063 423 5119 loeo
436 5063 497 5118 ditm
516 5067 727 5136 subscriptiones
749 5069 776 5123 in
792 5084 871 5123 unum
885 5073 1016 5140 cupidate
1072 5074 1256 5126 Aterendriam
1271 5072 1431 5125 consistentis
1446 5085 1469 5125 et
1489 5073 1631 5127 catholice.
1649 5075 1732 5129 loos
1751 5077 1854 5146 quidem

224 5131 357 5188 sitiuntur.
371 5134 400 5189 lu
412 5135 497 5204 prima
513 5136 655 5206 legendum
670 5137 788 5194 Zosimus
800 5139 922 5210 Lyconis,
938 5143 963 5196 id
977 5158 1018 5197 est
1069 5156 1093 5196 et
1110 5142 1289 5196 l’urcmbolum
1301 5159 1414 5196 erroneo
1425 5145 1550 5197 vittantur
1564 5147 1671 5198 inserta·
1685 5165 1690 5198 :
1706 5163 1777 5206 narsi,
1794 5161 1856 5212 prr-

224 5206 255 5254 de
273 5200 407 5284 lychnide
422 5204 592 5272 ,dorednnt'm
614 5210 640 5262 ln
659 5211 741 5264 attera
761 5211 907 5267 Stercutius
923 5218 954 5266 de
968 5214 1019 5267 liat-
1071 5224 1191 5283 tertynutn
1212 5211 1283 5280 quiid
1307 5210 1461 5264 Parembole
1485 5228 1565 5279 prope
1588 5214 1704 5286 Syenem
1724 5229 1750 5269 et
1773 5215 1822 5268 sliu
1843 5229 1854 5263 o

224 5287 298 5326 ussto
312 5273 423 5344 Apulioe.
436 5277 501 5331 llidu
518 5288 658 5333 tractatum
675 5283 734 5335 luco
746 5282 837 5336 uitato,
1072 5285 1217 5338 l'totonrteo
1231 5283 1301 5336 dictu
1312 5283 1736 5359 Ἀλιξωόρουηκρεμὸολή,ωιτη
1749 5288 1854 5340 Aeser·
1927 5289 1930 5296 '

271 5341 354 5423 {laeg-
370 5347 518 5418 Scupinuo,·
531 5353 600 5419 ayrttd
615 5351 744 5407 littorium
756 5356 787 5405 tle
801 5356 937 5422 Scttpot'su
951 5354 1019 5407 llur·
1070 5356 1122 5418 titi,
1135 5354 1161 5408 in
1175 5357 1347 5409 Atrrtttnniaca
1363 5355 1440 5406 tritius
1451 5355 1548 5409 disin·
1561 5360 1595 5408 ab
1607 5358 1775 5420 ,serotinis
1788 5357 1853 5408 ntallt

223 5413 313 5466 “am“-
804 5439 808 5445 “
1072 5429 1140 5480 tatio
1153 5435 1194 5478 est
1209 5440 1257 5478 cttt
1273 5426 1329 5476 bauo
1342 5423 1452 5490 epistola
1467 5428 1575 5490 special
1592 5443 1700 5482 ttutnme
1714 5427 1854 5480 Paremlm·

262 5489 280 5517 '⁹'
295 5486 370 5564 39⁰4
390 5487 486 5554 fludio
504 5490 597 5547 Caluus
619 5509 634 5545 o
658 5492 738 5547 boeto
761 5494 865 5563 Ripeurt'
879 5497 911 5549 du
928 5494 1018 5549 Castro
1073 5496 1256 5562 trinomius,
1272 5496 1424 5561 nundinatius
1445 5497 1632 5551 illttstrioribns
1648 5498 1751 5566 ,Algypti
1767 5499 1853 5550 Ecule-

228 5548 330 5610 ΜΨ·
1070 5566 1118 5620 siis
1134 5566 1303 5619 traderetur:
1321 5580 1369 5618 ttt‘t‘
1386 5565 1410 5616 iu
1427 5566 1482 5630 ipso
1495 5569 1606 5636 epistula
1624 5559 1852 5622 ‚ltlruuas‘rpsslus

260 5627 274 5654 ¹¹
287 5624 363 5688 Apud
383 5624 484 5690 litiae,
508 5629 544 5681 lle
566 5635 669 5689 Securo.
691 5635 749 5691 lint.
766 5636 846 5698 tit-t,
866 5639 896 5687 dn
915 5637 1015 5697 Semo,
1073 5638 1122 5690 nisi
1140 5635 1333 5692 Alexandrinos
1349 5636 1500 5703 alloquitur.

227 5688 295 5748 lstlu
308 5696 338 5746 tle
349 5692 431 5761 Scyro
445 5696 554 5754 mimine.
