4000 6175
157 321 226 380 titt
418 322 698 390 nsttntttntotttttt
717 322 1005 396 emendationes
1025 327 1057 384 itt
1076 328 1229 389 bissinis.
1251 333 1311 390 xit
1333 333 1534 402 coessenti.
1726 340 1793 401 ilio

156 451 213 494 sum
237 439 366 495 haherent
389 441 560 496 Arelatenses
583 441 675 497 Datres
694 455 756 497 corn
779 443 945 500 sanctionem
960 459 986 513 Α
1000 446 1111 516 rinitccl
1122 449 1359 519 plebisscitorum
1388 467 1427 507 rice
1435 452 1478 507 rel
1489 453 1635 518 redimere,
1646 455 1691 510 rel
1701 472 1758 510 cmc
1781 488 1793 502 ·

156 510 405 592 suamcondchuut.
629 579 662 595 ..
752 580 757 593 ³
999 516 1092 574 dione
1114 534 1247 575 stitutnttnt
1264 520 1349 576 neios.
1366 468 1430 579 11ιιι1
1443 523 1495 591 sit,
1512 525 1576 579 leuis
1591 524 1694 579 ridetur
1713 527 1792 593 tirrius

190 578 282 635 (Ξιιιοιι
293 581 415 635 decimus
425 591 520 637 scitus
534 597 541 638 :
557 580 726 635 Photrrnonos
736 598 788 636 sue
813 582 948 638 Ponlr'oni·
998 589 1110 642 carnonis
1118 590 1271 655 dilucidius,
1283 607 1333 647 nce
1342 607 1401 661 qum
1412 600 1450 647 tot
1460 608 1595 648 carionunr
1607 611 1648 647 arn
1657 597 1789 654 toritatem

154 652 354 705 occurendum
366 650 472 705 Patrem
482 661 577 707 ιιαιιιιιι
591 651 716 720 baptisari
727 661 842 716 oportere
853 653 946 723 :justa
999 660 1084 724 possit
1097 660 1205 715 elevare
1217 663 1351 744 iniquibus
1364 664 1519 730 perspicuus
1532 675 1573 719 est
1583 675 1609 717 ut
1625 666 1790 724 tudrrhoous

156 720 946 790 irnncdicannortccstroouprimunr-cniooistiouotaus
999 729 1788 808 truttmanaercrsioorsusosqnndthcanoscauonasapud

155 794 323 859 rotrscriptns
336 802 377 845 est
394 807 401 844 :
418 789 452 845 Et
465 800 492 844 st
505 789 690 861 Pouliouistcc,
710 794 754 865 qni
768 802 826 847 snut
856 792 946 848 Pltoti-
998 796 1151 854 Gallicanas
1163 800 1308 858 Ecclesiae.

125 866 128 870 '
155 864 237 922 trioni.
251 861 450 933 conspicentur.
467 861 641 918 Photiuianos
650 864 733 925 euim.
745 866 790 929 oui
801 864 946 920 aDliotioo
1013 906 1018 914 ·
1033 870 1110 934 Quod
1122 885 1186 925 sero
1198 871 1310 925 alioruin
1324 871 1443 927 Orientis
1457 871 1621 945 synodorum
1636 889 1712 928 rrsirrrr
1724 877 1789 932 atti-

155 932 295 988 Siruiicnsi
310 932 439 1001 episcopo
447 932 511 986 dicti
525 942 599 996 snut,
620 933 766 987 alliceois
777 930 903 989 Patribus
918 936 946 990 in
998 948 1057 999 net.
1074 943 1222 1011 Ancyrauoc
1234 942 1344 996 citatum
1364 957 1493 997 cainonem
1508 944 1639 999 lustremus
1655 945 1680 998 iu
1701 946 1789 1011 Epao-

154 1017 263 1059 esusam
277 1001 368 1056 ncrcaci
383 1017 462 1057 rieuro
475 1002 586 1068 dixerit,
600 1017 661 1068 curn
674 1005 791 1057 noudum
802 1007 891 1058 exorti
903 1019 947 1059 cs·
998 1010 1073 1062 nensi
1084 1011 1188 1080 synodo
1198 1025 1242 1066 so.
1257 1012 1319 1066 517.
1335 1013 1445 1067 Garuouc
1454 1018 1525 1068 cuim
1538 1015 1569 1069 31
1585 1015 1619 1068 de
1633 1016 1787 1081 poeriitentia

134 1081 139 1112 ⁷
154 1082 217 1129 seut
231 1089 238 1124 r
252 1085 302 1126 uec
314 1086 361 1126 eos
375 1086 470 1127 reuera
481 1083 675 1127 commemorat
687 1073 728 1126 uel
739 1070 832 1128 Greca
845 1076 944 1144 editio,
999 1076 1192 1134 homicidarum
1216 1082 1353 1136 obseruari
1364 1083 1440 1150 jubet
1460 1084 1531 1153 qrrod
1555 1087 1730 1154 Ancyritani,
1760 1095 1790 1141 nt

154 1144 196 1198 rel
204 1143 257 1196 tilla
267 1142 356 1197 versio
365 1141 468 1206 Latius,
480 1153 591 1212 excepta
600 1141 780 1208 nicoenam
791 1158 842 1212 qna
858 1158 946 1200 csuon
996 1148 1084 1212 sirint,
1094 1163 1211 1203 cationes
1221 1153 1342 1206 riecrere·
1350 1163 1397 1206 uut
1413 1170 1419 1204 :
1431 1165 1477 1208 set
1488 1168 1522 1210 es
1533 1170 1584 1223 qua
1598 1157 1722 1210 versione
1733 1173 1786 1210 uou

153 1212 319 1270 uretuenris
339 1212 474 1268 derivatus
491 1221 548 1278 est,
565 1222 593 1267 et
606 1211 773 1268 Photiuianis
792 1227 946 1270 smotstmo·
996 1227 1077 1285 patet.
1094 1216 1217 1273 canones
1230 1221 1275 1279 ds.
1292 1221 1338 1283 liti.
1349 1224 1383 1276 lii
1398 1231 1425 1277 ct
1443 1225 1489 1285 ds,
1506 1225 1651 1293 upsallensi
1672 1226 1787 1280 concilio

153 1285 242 1340 datus.
642 1323 645 1332 .
995 1287 1133 1356 subjuncti
1153 1303 1186 1343 cs
1200 1290 1324 1345 versione
1339 1292 1482 1348 haridiceui
1496 1295 1615 1359 concilii,
1629 1310 1689 1363 orta)
1703 1295 1789 1352 isido-

190 1351 271 1408 xvtt.
285 1352 326 1406 Au
346 1352 402 1407 solo
416 1350 557 1419 honsione
576 1353 658 1406 uerno
675 1367 723 1407 asu
736 1360 905 1423 tuncrscepto
917 1355 946 1409 in
996 1356 1070 1410 sintin
1086 1358 1233 1426 vocitatur,
1258 1360 1411 1427 transcripti
1426 1379 1503 1428 snut;
1518 1363 1564 1418 scd
1578 1381 1631 1432 orso
1642 1376 1786 1434 tempore,

152 1422 256 1479 Galliis.
275 1449 310 1463 —-
323 1423 386 1477 itae
399 1423 434 1477 dc
444 1422 558 1476 Niconis
572 1423 720 1477 carronihus
735 1436 749 1474 a
762 1424 872 1491 synodis
883 1422 947 1478 Gal·
995 1426 1073 1493 cujus
1083 1427 1253 1493 auctoritate,
1273 1446 1307 1483 an
1320 1429 1454 1499 abaliquo
1469 1434 1573 1500 syuodo
1586 1435 1739 1500 Gallicana,
1751 1451 1785 1490 au

154 1494 322 1549 liarnruoliur
334 1493 423 1547 estatis
434 1492 475 1547 sel
490 1490 593 1549 relatis.
608 1491 646 1546 Es
661 1490 944 1559 utribnsiudobilatum
996 1496 1114 1562 potinsa
1137 1497 1238 1552 iarnoso
1263 1499 1309 1553 illo
1322 1502 1515 1568 irttecpolators
1539 1502 1657 1570 isidoro,
1678 1507 1711 1558 ad
1729 1508 1785 1562 lnce

152 1565 312 1632 relinquitur
320 1562 490 1617 Rrrliuiauam
498 1562 723 1629 versionenrapnd
732 1563 945 1629 casinissesmpe
996 1580 1081 1633 nsipnc
1096 1577 1215 1634 temprira
1232 1570 1381 1636 iprnnatrun
1396 1583 1449 1627 est.
1466 1572 1601 1645 llocapnd
1615 1574 1736 1629 eruditos
1753 1592 1786 1630 cs

150 1639 250 1704 saepius
264 1633 483 1700 incorporamus
497 1630 553 1685 sola
569 1631 664 1691 inerit.
677 1630 825 1699 lihegcnsis
836 1634 943 1688 concilii
995 1636 1188 1704 antiquissimis
1213 1639 1387 1706 plurimisque
1412 1642 1549 1697 codicibus
1573 1656 1638 1697 mss.
1663 1654 1786 1709 constat,

150 1722 197 1764 an.
212 1704 312 1758 ebrini
323 1703 471 1758 libcanon
484 1700 832 1756 tertiussubdobitandidat
843 1702 941 1757 iocum.
996 1707 1157 1773 agathensis
1174 1708 1280 1763 coriclhi
1300 1723 1418 1763 canones
1439 1711 1505 1766 istos
1519 1728 1574 1766 nou
1594 1727 1669 1780 oss»,
1686 1728 1700 1768 s
1717 1713 1733 1768 d
1749 1715 1789 1770 cis

150 1774 505 1829 cumcuimhrmentarium
514 1772 540 1826 in
549 1772 731 1827 Ehrcduucusi
743 1772 861 1826 Ecclesia
873 1775 943 1828 orale
996 1775 1078 1831 inisse
1101 1778 1243 1847 posteriori
1266 1793 1324 1832 eso
1347 1793 1476 1834 atiuexos.
1492 1782 1669 1849 Quamobrem
1694 1799 1726 1837 ex
1748 1786 1789 1839 cis

150 1846 302 1900 ordinatum
313 1844 347 1898 ad
357 1842 541 1912 chorepiscopi
556 1855 653 1896 mouns
668 1843 807 1911 relegaret,
823 1842 900 1913 sequi
913 1858 944 1898 se
957 1819 982 1880 B
995 1855 1115 1901 statuere
1130 1861 1182 1902 non
1199 1848 1263 1903 licet
1276 1849 1311 1903 de
1325 1851 1449 1904 versione
1460 1867 1546 1920 quen
1561 1853 1644 1907 Gallis
1659 1864 1786 1920 usurpata

151 1912 292 1982 prodiretur
302 1915 437 1969 Nieaeuum
448 1920 575 1965 statutum
591 1929 597 1962 ι
613 1911 699 1965 Liceat
710 1914 744 1978 ci,
756 1914 852 1980 inussit,
865 1929 945 1966 snum
995 1927 1036 1971 est
1050 1931 1134 1986 usque
1146 1917 1179 1972 ad
1191 1918 1537 1975 sesttuuChristisaeculum
1548 1922 1602 1990 jorn
1611 1923 1786 1991 completuros.

150 1984 332 2055 pnrorlriortrn
344 1999 448 2037 sumum
461 1980 601 2037 Ecclesia-rr
613 1988 711 2047 cedere,
722 1983 946 2051 inqcncstclrcc·
1031 1984 1177 2053 coremur,
1191 1996 1221 2042 ut
1233 1987 1346 2043 obscura
1360 1990 1503 2045 admodum
1520 1992 1624 2046 ridetur
1640 1993 1722 2047 luisse
1736 2011 1772 2048 no

149 2055 264 2124 episcopi
283 2054 400 2123 nomine,
421 2063 450 2107 ut
472 2054 541 2107 ident
560 2068 643 2106 conos
663 2052 787 2122 loquitur,
807 2063 850 2105 ont
866 2070 946 2123 perc-
996 2057 1055 2111 titia
1070 2073 1202 2112 curionum
1215 2059 1385 2114 Niemrtocnru
1399 2060 1425 2114 in
1439 2059 1532 2115 Galliis
1546 2074 1610 2116 aitte
1622 2061 1709 2117 hutini
1722 2072 1790 2117 torri-

149 2141 236 2197 princ,
251 2135 277 2178 nt
291 2128 373 2189 ciunt,
386 2125 564 2177 comotunione
575 2125 702 2192 sonestur.
719 2122 782 2177 Sola
798 2122 944 2177 isidoriana
997 2140 1080 2197 pois,
1106 2127 1141 2182 ita
1157 2129 1327 2197 postmodum
1341 2129 1421 2184 asido
1437 2131 1547 2192 hanstr,
1561 2146 1621 2201 oue
1633 2133 1666 2185 ab
1679 2147 1711 2186 co
1726 2133 1786 2188 riuis

152 2197 242 2249 versio
253 2205 278 2248 ct
295 2194 429 2263 parochias
445 2205 472 2248 et
483 2195 668 2262 chorepiseooi
690 2191 798 2246 nrrmiua
816 2192 897 2247 simul
917 2195 943 2248 in
995 2197 1167 2255 oscillorum
1180 2213 1313 2254 munuum
1329 2204 1417 2255 versio
1432 2202 1459 2254 in
1472 2217 1521 2256 suo
1533 2202 1690 2258 Eri-chinum
1702 2202 1789 2257 llisto·

150 2263 204 2318 lioe
215 2278 317 2319 canone
332 2273 442 2335 trsnrpat
458 2280 464 2317 :
481 2277 603 2318 rreutrnrn
624 2264 706 2319 habet
722 2263 833 2317 lirrllnus
850 2280 857 2315 ε
872 2272 901 2317 ut
911 2264 943 2317 il·
998 2268 1046 2323 rias
1059 2271 1257 2337 supplemento.
1269 2269 1344 2337 Quod
1360 2285 1393 2324 ue
1404 2271 1465 2339 uiris
1480 2272 1605 2333 miretur.
1632 2282 1739 2326 revricet
1760 2276 1786 2328 iu

151 2336 204 2388 ism
226 2338 313 2402 potius
333 2350 411 2402 quain
434 2336 511 2388 istius
533 2340 684 2388 sessionem
708 2333 744 2386 ob
761 2334 855 2387 oculos
879 2344 942 2389 tunc
997 2340 1154 2392 memori-rm
1168 2342 1286 2394 maximo
1305 2343 1451 2408 seruperin
1463 2344 1548 2410 pretio
1563 2341 1645 2396 luisse
1660 2339 1788 2396 ilrtllunru

150 2403 277 2459 hahuisse
293 2405 386 2459 Patres
407 2404 502 2474 synodi
517 2403 658 2458 rideantur
672 2403 722 2473 (ιι).
739 2405 863 2458 licurlnrn
890 2418 905 2458 e
924 2418 941 2458 o
996 2407 1066 2476 apud
1079 2406 1170 2463 Gallos
1181 2419 1210 2463 et
1223 2424 1318 2464 ornnes
1339 2411 1526 2467 occidentales
1541 2412 1575 2481 (si
1596 2412 1787 2482 hieronymum

149 2476 298 2544 putareriru
312 2475 400 2529 liuilni
414 2473 497 2528 textui
509 2473 607 2537 inesse,
622 2488 671 2528 nec
683 2477 717 2528 ira
730 2474 870 2542 legendnm
884 2490 891 2526 ι
907 2418 941 2529 {lt
996 2478 1138 2547 excipias);
1154 2491 1234 2549 atque
1247 2480 1378 2543 ltttncitnis
1389 2490 1526 2550 acceptam
1539 2482 1685 2548 tuisseeins
1698 2481 1789 2536 ilisto.

148 2556 247 2614 oneror
258 2547 279 2598 ci
290 2545 403 2613 episcopi
414 2543 497 2597 locum
507 2554 649 2608 amantem,
663 2546 710 2596 hoc
722 2544 754 2597 sit
768 2547 793 2596 in
803 2545 883 2613 ipsius
896 2559 942 2611 po-
996 2548 1076 2608 risio.
1090 2564 1142 2617 uua
1156 2555 1272 2617 primum
1288 2549 1389 2606 latinis
1404 2551 1576 2607 innotuerant
1589 2561 1627 2606 tot
1642 2566 1730 2607 corum
1743 2570 1788 2608 ec·

149 2623 255 2677 seston:
273 2617 319 2669 sed
335 2618 423 2683 potins
438 2629 446 2668 ι
462 2612 495 2667 Dt
509 2623 606 2682 querat
621 2621 642 2667 ci
657 2613 831 2684 chorepiscopi
845 2613 940 2679 inum,
995 2618 1424 2689 cleslasticarum'praeclarissima
1437 2630 1621 2678 monumenta.

149 2693 204 2739 cic.
218 2687 247 2739 ln
259 2687 376 2754 episcopi
389 2687 460 2738 enirn
476 2686 619 2750 cnjushhet
631 2695 763 2753 potestate
772 2695 831 2739 erat
842 2699 940 2738 uacan-
1032 2688 1112 2743 Phua
1127 2690 1161 2745 dc
1172 2693 1214 2744 lus
1223 2691 1313 2745 alieno
1326 2694 1521 2761 qrradamtenrrs
1533 2692 1593 2748 ioco
1604 2691 1724 2747 scribere
1739 2707 1789 2749 nee

151 2767 206 2809 seur
228 2756 344 2824 ittonam
368 2751 552 2823 parochiarum
577 2769 686 2808 suarum
701 2755 842 2809 ecclesiam
863 2754 941 2811 alteri
994 2759 1132 2825 murenis,
1148 2769 1293 2816 necuaost.
1310 2764 1349 2816 ttd
1365 2761 1562 2832 diligentiorem
1578 2762 1657 2831 hrrjrrs
1668 2764 1788 2817 materias

148 2830 340 2879 commentare
354 2825 405 2878 snb
422 2824 530 2878 uorrriue
544 2825 645 2893 chorcp
655 2825 750 2894 scopi:
771 2833 799 2878 at
819 2824 940 2895 episcopi
995 2827 1196 2897 inquisitionem
1207 2830 1280 2887 risos
1290 2830 1412 2889 eruditos
1431 2836 1481 2889 hae
1497 2831 1731 2889 dissertatiuncula
1745 2828 1787 2883 lu-

149 2894 239 2949 iooiuu
252 2902 391 2949 racautcrn
402 2907 525 2964 querere
534 2894 622 2960 alteri,
639 2896 778 2950 sonitem.
793 2893 860 2950 Cum
875 2894 901 2949 id
914 2898 940 2950 iu
995 2895 1094 2954 citasse
1108 2900 1237 2956 solllcist.
1776 2937 1780 2946 -

149 2973 282 3034 potestate
296 2960 402 3036 1040
413 2961 677 3034 comprovincialium
688 2965 876 3034 episcoporum
887 2965 942 3019 elc-

685 3073 969 3133 thhssthlOllUli
986 3076 1259 3140 ANNOTATlONES.

185 3167 225 3236 (ιι)
237 3169 334 3224 cantor
351 3168 473 3232 observ..
484 3165 536 3238 52.
552 3182 579 3220 u.
594 3164 621 3220 9.

1508 3287 1787 3305 Q*

494 3368 598 3441 1041
626 3372 958 3435 3111111111110111111
980 3369 1313 3434 oosnnvsttotlbs

243 3515 284 3576 iu
301 3510 559 3576 Dissertationum
572 3512 653 3574 ΧΠ
676 3510 839 3591 ansnclli
855 3512 892 3573 dc
904 3512 1008 3592 primo
1027 3507 1224 3573 collectionis
1238 3506 1440 3587 Dionysiacos
1452 3527 1511 3569 usu
1523 3510 1558 3571 in
1573 3508 1695 3578 Galliis.

522 3651 572 3726 §h
957 3656 980 3719 C
997 3653 1103 3724 publica
1118 3648 1280 3706 auctoritaie
1292 3649 1393 3704 editum
1413 3660 1460 3705 aut
1479 3652 1664 3710 eonhnnatnm
1690 3658 1788 3722 ibidem

151 3753 269 3824 btorpsn
280 3752 394 3807 cotiano
405 3746 531 3804 rodoino
543 3758 605 3802 noro
615 3757 639 3802 o
654 3764 704 3802 oso
719 3747 945 3818 erirurtipuoroto
996 3725 1134 3780 exstitisse
1149 3721 1282 3791 prunnon.
1297 3718 1389 3777 ⁵⁰¹¹¹¹¹¹
1401 3721 1490 3776 rouro
1502 3734 1614 3792 possunt
1627 3728 1788 3798 sariscaco.

555 3818 744 3890 ιιιιι
998 3792 1204 3864 ι
1217 3790 1788 3939 θ’.

185 3937 224 3993 Dis
238 3935 339 3992 codicis
360 3932 515 4005 Dionysiani
533 3945 583 3987 osu
607 3930 633 3985 in
655 3929 749 3986 Galliis
767 3940 831 3987 aute
852 3930 944 4001 Caroli
997 3935 1073 3990 Licet
1086 3948 1151 3990 vero
1168 3933 1195 3988 hi
1213 3947 1332 3987 canones
1345 3933 1387 3987 vel
1407 3933 1614 3991 constitutiones
1631 3940 1730 4007 sumpti
1746 3958 1788 3996 es·

148 4007 235 4076 tirou
245 4016 352 4061 aurern
364 4019 425 4059 cum
440 4004 578 4074 queritur,
590 4016 625 4056 ue
636 4001 814 4072 aquirmario
827 4000 882 4063 dat.
893 4001 945 4058 do·
995 4014 1058 4063 sent
1070 4019 1103 4060 er
1114 4004 1204 4074 aliona
1214 4003 1383 4067 collectione.
1394 4017 1447 4056 nori
1461 4012 1548 4058 tamon
1561 4006 1690 4063 continuo
1701 4015 1788 4081 scorii-

149 4080 210 4149 ples
221 4073 531 4149 qous-tiodistinguenda
544 4080 597 4128 est.
608 4070 708 4135 Prima,
725 4087 788 4126 nom
802 4070 848 4126 ille
864 4071 945 4127 inerit
996 4085 1041 4131 tur
1064 4075 1112 4130 has
1138 4075 1310 4129 collectiones
1338 4072 1421 4127 hrisse
1441 4072 1548 4130 codices
1566 4076 1706 4141 publicos:
1727 4096 1788 4139 carru

147 4149 232 4204 eaden
254 4146 387 4217 publicus.
403 4159 451 4198 seu
473 4143 578 4212 publica
597 4143 759 4197 arrctoritate
778 4143 876 4208 editus,
900 4143 942 4198 ret
994 4144 1077 4201 iidem
1092 4158 1211 4200 canones
1220 4152 1248 4199 ct
1261 4142 1468 4199 constitutiones
1481 4147 1547 4198 satis
1562 4152 1726 4203 sira-toritatis
1742 4151 1788 4205 ha·

147 4219 321 4287 approbatus.
337 4215 460 4270 ornninm
482 4212 662 4268 ecclesiarum
677 4210 876 4267 Gallicanarum
891 4226 943 4267 usu
996 4216 1136 4271 horonites
1159 4216 1223 4283 ipsis
1232 4212 1355 4268 conciliis
1366 4222 1393 4267 et
1405 4215 1574 4282 pontilicibns
1586 4231 1600 4269 a
1612 4216 1708 4286 ortibus
1722 4222 1787 4277 edii

148 4298 283 4358 receptus.
304 4288 438 4349 scontros,
454 4298 517 4337 ιιιιιιι
538 4281 619 4335 iuerit
632 4283 718 4337 codex
745 4283 874 4352 privatus,
896 4284 942 4352 qui
994 4287 1110 4343 lucrant.
1138 4298 1187 4338 nec
1209 4282 1314 4349 publico
1329 4283 1422 4338 codice
1439 4283 1597 4355 indigerent.
1631 4286 1699 4343 lliuc
1722 4304 1788 4347 sarto

148 4369 212 4414 ante
227 4358 353 4413 corolum
376 4354 499 4423 liapnum
519 4352 545 4405 iu
565 4350 665 4407 Gallias
680 4356 843 4420 peruenerit,
863 4361 903 4415 et.
918 4355 942 4407 si
994 4354 1067 4411 idem
1079 4353 1240 4421 Quesuelhrn
1259 4354 1285 4409 iu
1307 4353 1475 4408 antecedenti
1496 4355 1696 4425 dissertatione,
1721 4358 1735 4429 5
1756 4362 1784 4427 t,

148 4444 202 4483 rron
215 4428 346 4491 omnium,
358 4420 507 4492 aliouartrm
519 4432 608 4476 tamen
622 4421 802 4477 Ecclesiarnm
818 4421 859 4476 ret
875 4424 942 4477 scci-
995 4426 1045 4481 tria
1060 4426 1176 4479 aitirmat
1189 4437 1249 4493 quim
1262 4423 1404 4479 Gallicana·
1416 4424 1543 4479 Ecclesiae
1558 4428 1658 4490 prosim
1677 4428 1785 4494 publico

148 4508 257 4569 plorum
268 4512 318 4553 usu
333 4495 477 4563 aliquando
494 4498 590 4547 saitem
604 4493 740 4547 adhibitus
754 4494 800 4547 sit.
822 4493 941 4548 Drinium
994 4495 1088 4550 codice
1104 4509 1157 4549 uon
1171 4495 1316 4564 indiguisse
1329 4493 1500 4549 eoollrmant.
1517 4495 1607 4551 Drinio
1626 4498 1722 4552 latenn
1738 4515 1784 4555 co·

148 4568 268 4638 cogitare
284 4567 328 4620 rel
345 4563 475 4635 suspicari
494 4561 681 4618 inanissimum
700 4570 752 4618 est.
768 4563 834 4617 Nam
856 4578 942 4633 neqrie
993 4565 1068 4622 dices
1081 4564 1245 4634 priuatarum
1259 4563 1447 4619 collectionum
1460 4563 1487 4618 iu
1503 4563 1594 4620 Galliis
1613 4566 1716 4639 10!ss
1726 4570 1786 4637 plu-

148 4637 253 4703 llornae,
269 4637 312 4691 ubi
326 4637 407 4690 citius
420 4633 535 4689 celebris
549 4636 663 4695 exstitit.
677 4634 812 4702 publicus,
829 4647 877 4689 seo
893 4648 942 4702 prt-
995 4651 1040 4691 res
1054 4633 1147 4689 inisse.
1164 4633 1233 4701 Quot
1243 4637 1309 4688 enirn
1323 4635 1433 4697 codices,
1444 4633 1541 4702 iuqriit,
1555 4637 1717 4706 antiquaram
1728 4643 1784 4693 col·

149 4707 217 4762 blica
230 4707 391 4761 auctoritate
407 4703 545 4773 probatos,
560 4704 607 4758 scd
623 4703 740 4772 privatus
752 4703 838 4759 codex
856 4717 941 4758 uno·
992 4706 1130 4762 lectionum
1147 4705 1182 4757 od
1205 4718 1372 4759 catursensis
1387 4717 1517 4771 ιιιιιιιιιιιιι,
1531 4705 1570 4759 sci
1591 4708 1627 4758 od
1640 4709 1785 4778 otiosorum

147 4794 211 4832 urim
225 4776 326 4832 diutius
336 4776 400 4839 iuit;
410 4790 460 4831 nec
471 4774 602 4844 publicana
613 4771 798 4829 auctoritatem
813 4772 936 4842 obtinuit,
992 4773 1168 4831 Ecclesiorirm
1180 4789 1249 4830 usust
1264 4789 1341 4827 nrorrn
1351 4775 1412 4826 olins
1430 4774 1530 4828 ccoroti
1544 4776 1670 4841 plurimos
1681 4781 1784 4848 pontifi·

146 4850 198 4903 uisi
212 4863 272 4901 erun
285 4846 435 4901 lladriaons
449 4845 458 4899 l
472 4858 594 4898 summus
608 4844 726 4913 perutiles
743 4847 828 4912 ipsum
843 4843 941 4900 Carolo
991 4863 1050 4901 cuns
1067 4845 1241 4901 ttononorrno
1260 4844 1380 4916 epistolas
1384 4881 1439 4899 .....
1460 4845 1612 4901 continent?
1632 4843 1665 4902 Et
1683 4849 1785 4919 aliquot

147 4920 245 4988 hagno
259 4920 317 4971 usui
330 4915 476 4971 Galliarum
489 4915 607 4969 tradidit.
624 4913 690 4969 llide
704 4913 794 4968 Tract.
806 4913 840 4968 de
851 4914 940 4968 Collo·
992 4918 1073 4972 etism
1087 4915 1283 4972 uetustissimos
1299 4915 1430 4980 ejnsrrrurli
1443 4916 1550 4971 codices
1563 4919 1679 4987 esenipli
1699 4922 1784 4986 praua

146 4988 281 5043 ctiouibos
296 4996 366 5055 part.
375 5000 414 5052 ιιι,
427 4999 453 5039 c.
470 4984 496 5038 1.
510 4984 577 5038 Cnrn
593 4998 674 5051 porco
687 4994 750 5039 ante
767 4982 820 5039 hoc
834 4995 940 5055 tempos
993 4996 1126 5043 cecetsscl.
1139 4985 1264 5044 Secundo
1275 4984 1387 5054 loquens
1396 4986 1541 5055 desyuodo
1552 5001 1578 5041 ιιι
1587 4989 1781 5059 Aurelianorum,

147 5060 237 5113 trullus
249 5059 411 5112 alirrrcodex
426 5069 558 5109 canonum
574 5056 695 5123 publicus
707 5062 781 5110 essct
795 5056 821 5109 in
831 5054 937 5122 Galliis,
951 5022 978 5084 D
990 5072 1051 5126 ortae
1066 5057 1164 5112 Leonis
1177 5057 1317 5126 epistolam
1336 5053 1368 5108 to
1389 5054 1514 5138 allegarit
1532 5069 1592 5110 cau.
1614 5059 1643 5123 ὅ,
1660 5061 1783 5114 codicem

145 5128 195 5184 sed
209 5142 305 5182 omrres
317 5135 408 5182 essent
422 5125 595 5180 collectiones
609 5124 732 5193 privatae,
746 5140 860 5196 quarum
875 5141 938 5180 iistis
991 5137 1125 5183 utcmorat
1137 5136 1197 5180 tunc
1208 5134 1359 5193 usurpatam
1371 5137 1416 5192 per
1429 5125 1538 5189 deliros,
1549 5140 1581 5177 cc
1591 5127 1782 5199 quospistolonr

145 5198 288 5253 dehcicnte
302 5197 396 5253 codice
415 5196 521 5265 publico
538 5195 607 5250 libet·
621 5204 688 5260 erat,
705 5194 743 5250 uti
765 5195 939 5264 probavimus
990 5196 1026 5249 od
1049 5199 1182 5265 episcopos
1207 5193 1354 5249 Viennensis
1376 5195 1512 5259 procincto
1537 5194 1784 5266 deprornpserr'tm

146 5281 217 5337 part.
232 5283 262 5332 u,
277 5282 337 5338 cap.
351 5266 396 5331 to.
406 5265 463 5321 sola
474 5266 721 5332 superestsccuuda
733 5265 858 5335 questio,
874 5282 938 5320 nrun
990 5266 1054 5321 liert
1071 5267 1151 5335 paulo
1163 5275 1226 5321 ante
1243 5267 1314 5319 lirino
1333 5264 1454 5319 codicem
1472 5263 1644 5319 atttrmavertr
1660 5266 1694 5320 od
1710 5283 1784 5323 urum

146 5342 234 5393 codex
255 5338 377 5410 Dionysii
400 5338 469 5391 iutcc
487 5336 606 5405 privatas
621 5335 795 5390 collectiones
817 5346 890 5392 esset
911 5338 938 5391 in
991 5334 1155 5391 Golliconuru
1178 5344 1354 5405 compactum:
1368 5348 1421 5387 nou
1441 5344 1528 5389 laureo
1552 5335 1683 5400 pobiionni
1698 5351 1784 5406 agrio-

146 5407 240 5464 Galliis
254 5419 317 5464 aute
330 5420 435 5464 etatem
450 5405 539 5461 &roll
554 5406 652 5474 llapui,
668 5407 704 5460 ita
720 5416 750 5459 ut
764 5421 797 5461 eo
810 5421 887 5475 aeoue
906 5420 938 5462 ac
989 5407 1052 5471 scit.
1067 5408 1125 5462 brec
1137 5406 1275 5462 scribens:
1289 5406 1354 5469 Duc
1366 5402 1475 5475 (Leonis
1488 5404 1613 5470 epistola)
1629 5421 1675 5460 nec
1691 5409 1717 5461 in
1739 5423 1784 5463 cs·

145 5479 205 5533 aliis
217 5479 327 5549 privatis
338 5477 543 5534 collectionibus
553 5475 591 5529 uti
603 5476 709 5541 liemon
722 5486 750 5530 et
761 5492 824 5531 nuru
840 5477 936 5533 codem
989 5478 1047 5532 dioc
1059 5486 1192 5533 auctorato
1203 5485 1256 5531 scot
1266 5482 1377 5546 recepto.
1392 5474 1484 5529 Cortex
1497 5483 1643 5530 orrctorottts
1658 5476 1728 5533 idern
1742 5489 1783 5534 est

144 5558 209 5604 sutc
222 5550 286 5604 illnrl
300 5559 405 5618 tempus
421 5547 550 5603 Gallicani
566 5547 709 5616 aliquando
724 5550 764 5599 nsi
778 5549 844 5601 sirit.
988 5549 1058 5616 apud
1071 5546 1245 5614 Quiesrtellum
1257 5560 1290 5601 ae
1304 5545 1431 5614 publicus,
1446 5559 1492 5598 scri
1508 5544 1611 5610 publica
1625 5547 1783 5604 aricturitats

182 5617 212 5673 tt.
229 5619 433 5687 ansuehnsrlc
448 5619 555 5688 publico
566 5617 713 5687 codicconi
725 5617 789 5670 olirn
804 5620 831 5672 iu
843 5615 937 5672 Galliis
989 5617 1167 5688 approbatus.
1190 5616 1283 5671 Tertio
1305 5618 1374 5669 iutcc
1391 5616 1631 5684 rorterrtias‚r1irrrs
1647 5633 1664 5699 o
1684 5620 1783 5672 rosione

145 5698 324 5743 auctoritorem
341 5690 461 5753 haberet,
484 5688 561 5742 initio
577 5687 724 5756 premisse
741 5690 938 5742 dissertationis
988 5703 1087 5756 scopae
1098 5686 1272 5742 Ecclesiorrrm
1288 5686 1412 5747 orrruiunr,
1434 5699 1465 5738 oc
1480 5687 1621 5753 prrcscrtiru
1638 5686 1783 5742 holticnnu

146 5756 278 5827 loquitnrr
298 5761 391 5816 nullibi
412 5774 476 5815 uero
500 5759 616 5826 ationem
638 5756 792 5826 liniusrnodi
814 5758 935 5813 codicem
988 5757 1087 5813 elicitos
1103 5757 1241 5826 reprobat,
1258 5756 1326 5811 hauc
1342 5757 1434 5823 relcrt,
1450 5770 1502 5824 qua
1522 5757 1580 5825 quis
1595 5759 1780 5819 conscinderet.
