4000 6175
195 317 249 374 ata
455 305 734 364 hhttettththtttht
752 306 1038 365 decantationes
1055 307 1089 363 tn
1108 308 1260 367 bassaus.
1284 307 1328 366 ΙΙΙ
1347 307 1548 377 QUESNELU.
1768 316 1822 375 ost)

193 427 263 483 dicis
273 418 453 492 Quesnelliaoi
464 432 588 473 versione
600 414 765 483 disciplinam
780 418 890 471 orvrnioo
903 433 977 473 erro·
990 421 1018 479 Δ
1067 418 1110 472 ΙΙΙ.
1128 418 1209 473 Marito
1221 430 1310 475 ιιιιιιιι
1325 435 1409 485 magis
1424 424 1504 475 auem
1519 428 1609 476 sunta
1628 420 1747 477 thiranno
1765 426 1819 479 co-

192 512 275 553 ucam
293 501 321 548 et
337 492 370 545 ab
385 489 510 545 Ecclesia
524 487 670 554 prasertim
689 486 814 540 Rrrnrane
836 488 977 554 disciplina
1031 488 1159 556 dice,'qui
1173 491 1198 543 in
1212 504 1261 544 usn
1275 490 1354 543 luerit
1367 490 1520 546 ivvrrncentio
1532 492 1553 557 Ι,
1565 491 1720 551 austrinae
1732 494 1820 550 leoue

191 582 226 622 nc
240 562 361 619 diietrina
388 559 502 613 maxime
521 557 709 611 abhorrentem
728 554 845 624 praefert.
869 558 904 610 [tc
926 557 977 612 Ca·
1032 559 1201 627 prrutihcibns
1214 561 1264 629 (sic
1276 560 1347 614 enim
1358 561 1392 614 ab
1403 559 1619 629 ipsoonesnetto
1633 562 1818 633 iriscrttmnrp,

195 637 333 690 tharornm
357 631 429 684 enim
450 628 554 681 clericis
577 624 609 680 ad
635 625 762 680 Ecclesiae
785 627 913 682 vanitatem
936 640 980 681 re·
1030 641 1147 683 canorres
1160 630 1271 683 aliarum
1283 630 1445 700 synodorum
1455 641 1553 685 nostrae
1564 632 1715 686 collectioni
1731 633 1818 687 iniser-

193 706 350 767 dernnihns,
375 699 420 767 qui
443 713 476 752 es
501 695 646 750 innocentii
668 696 886 762 interpretatione
908 695 977 750 reci·
1030 699 1061 763 ti,
1074 712 1135 753 cum
1150 701 1349 755 sotoscanones
1363 699 1486 755 Nicaeuos
1503 708 1532 756 et
1548 701 1723 757 sardicenses
1736 704 1815 757 strom

193 774 285 843 piandi
300 781 376 826 erant
398 768 454 823 sola
475 780 599 820 maurium
620 764 801 831 impositione,
816 767 841 820 in
855 767 978 820 versione
1026 765 1177 835 junctoset
1194 770 1363 824 Νῑιιιιιιιιιιιιι
1392 771 1500 825 vrornioe
1528 771 1672 838 inscriptos
1697 772 1816 828 Rorrvaua

192 845 317 911 epvsdem
338 837 438 895 codicis
454 837 585 890 traditur:
603 831 703 888 Placuit
722 844 810 889 anneto
829 836 936 889 cornilio
950 844 978 889 ut
1030 837 1150 892 Ecclesia
1165 839 1198 893 ad
1219 839 1336 894 Leorveur
1350 855 1433 908 usqne
1447 844 1590 910 receperit.
1605 842 1632 896 td
1657 840 1734 896 tatius
1755 858 1815 908 pro·

192 916 356 974 ordinentur,
381 918 404 962 et
426 908 463 961 sic
480 913 643 976 permaneant
661 904 689 956 r'u
712 904 790 959 clero.
804 905 977 972 Quandooam
1030 906 1150 962 bavinans
1165 910 1190 964 in
1204 910 1343 978 praemisso
1356 910 1482 966 Tractatu
1494 920 1563 977 part.
1576 928 1605 976 ιι,
1620 926 1646 968 ι.
1663 911 1690 973 l,
1712 913 1758 965 ubi
1773 915 1815 967 in·

193 985 316 1035 ttorvrana
342 977 459 1034 Ecclesia
483 977 597 1029 clericos
621 975 647 1027 in
663 972 758 1028 heresi
778 975 819 1028 vel
834 976 978 1029 schismate
1030 983 1178 1032 tercnrera
1199 994 1292 1033 eorurn
1307 979 1460 1048 opinionem
1487 981 1686 1047 reiecimosqui
1705 981 1814 1037 Graecos

192 1053 246 1107 rite
259 1051 407 1110 ordinatos,
427 1047 489 1101 dnm
506 1045 532 1099 iu
553 1043 635 1107 gradu
651 1057 701 1098 suo
722 1045 916 1113 reciperentur,
930 1046 978 1099 ite·
1029 1060 1145 1100 canonas
1158 1049 1336 1117 antiquiorum
1351 1051 1524 1105 eondtiornm
1536 1051 1689 1121 Ancyram,
1705 1052 1814 1107 Neocae-

191 1138 255 1175 rum
275 1120 399 1174 ordinare
417 1114 578 1172 covrsncvitl
599 1113 667 1166 Nurn
687 1113 818 1181 ejusruodi
835 1114 934 1175 versio.
950 1114 976 1168 iu
1028 1118 1162 1171 sareensis
1186 1128 1266 1185 atquc
1290 1116 1453 1185 Gangrcnsis
1473 1121 1641 1179 Nicanorem
1665 1124 1772 1175 nonvioe
1798 1138 1812 1177 a

191 1208 275 1257 qnam
297 1187 451 1255 interpretis
471 1182 715 1238 inconsideratione
735 1198 811 1237 error
830 1183 978 1266 irrepsit,q
1028 1186 1163 1239 veteribus
1184 1186 1312 1241 Ronvanis
1334 1191 1502 1256 pontitieibus
1526 1191 1679 1258 designatos
1704 1202 1813 1247 conten-

192 1261 314 1315 hanani
328 1260 391 1313 sede
404 1264 521 1323 recepta,
534 1263 561 1309 et
572 1253 678 1319 portatico
688 1251 778 1308 Codiei
795 1253 975 1308 insertacredt
1027 1254 1103 1310 dunt.
1118 1255 1236 1309 Clariora
1252 1271 1332 1324 porro
1346 1268 1407 1312 sunt
1420 1275 1481 1326 qrrae
1502 1260 1812 1329 constantinopolitanos

194 1332 300 1397 potest?
317 1327 372 1381 Etsi
393 1343 456 1379 vero
475 1327 499 1376 iu
517 1323 639 1376 versione
653 1338 761 1391 qnoque
778 1323 811 1377 ab
826 1324 978 1378 tnuceeutio
1028 1339 1145 1379 conones
1160 1326 1187 1378 in
1204 1326 1321 1379 Rorrrana
1339 1327 1458 1383 Ecclesia
1472 1330 1592 1396 diutins,
1613 1347 1660 1387 sen
1680 1346 1764 1395 risque
1774 1333 1810 1404 ,ad

193 1400 332 1468 proposita
344 1394 442 1465 aliqud
455 1393 618 1448 difficultatis
632 1392 704 1455 insit,
720 1400 746 1446 ot
759 1392 878 1461 pluribus
894 1393 978 1462 expli·
1028 1395 1057 1447 S.
1070 1392 1192 1464 Gregorii
1205 1402 1337 1463 ternpora,
1351 1414 1404 1452 nou
1418 1409 1540 1467 receptos
1553 1402 1688 1455 evincunt.
1701 1400 1810 1455 Ernstra

190 1470 313 1523 cavimus
332 1478 404 1519 tomo
417 1464 450 1532 lt,
470 1473 525 1516 rint.
542 1461 911 1532 valentianensium
928 1461 978 1517 ob·
1027 1479 1092 1517 vero
1116 1466 1185 1519 hauc
1209 1465 1386 1531 otrjeetiouem
1414 1466 1515 1523 elidere
1536 1468 1697 1535 Quaen-llus
1720 1473 1759 1524 nit
1770 1479 1812 1525 tur

191 1540 361 1593 certationes
376 1533 510 1601 Quae-nctli
531 1533 564 1586 ad
580 1533 658 1597 epist.
674 1532 735 1596 ttt'l,
747 1534 914 1587 stultitameu
933 1547 978 1586 er·
1027 1548 1086 1599 cap.
1102 1534 1130 1598 θ,
1147 1535 1191 1589 nbi
1205 1537 1292 1590 varias
1306 1537 1347 1589 sui
1361 1536 1461 1591 codicis
1473 1544 1566 1593 araus
1584 1539 1810 1601 camarini-cans,

191 1609 250 1661 sciri
265 1606 417 1675 dogmatico
432 1602 513 1664 iavet.
532 1602 623 1670 Neque
639 1601 781 1665 titubabitur
794 1611 835 1657 est
857 1602 974 1671 ejrrsdevu
1027 1604 1135 1657 eosdem
1149 1618 1266 1658 canones
1280 1612 1341 1673 post
1360 1608 1389 1659 S.
1412 1606 1568 1675 Gregorinru
1593 1610 1679 1664 codici
1706 1608 1811 1662 additos

190 1677 328 1743 ercsoeth
346 1673 484 1743 responsio
497 1672 576 1725 al¹ata
591 1686 650 1740 cap.
663 1674 691 1733 tr,
705 1670 887 1726 innocentium
903 1672 975 1727 scili·
1027 1671 1133 1740 ingerit.
1149 1675 1214 1726 Corn
1224 1675 1250 1728 id
1266 1676 1337 1728 nulla
1347 1678 1449 1730 ratione
1460 1678 1595 1743 fulciatur,
1608 1694 1710 1732 merum
1721 1678 1811 1732 inven-

192 1758 249 1812 cet,
268 1746 331 1799 darm
345 1743 533 1798 Macedonibus
551 1742 699 1810 rescripsit,
718 1743 828 1796 ualuisse
841 1758 973 1806 carcerem,
1028 1752 1082 1795 tum
1094 1744 1256 1811 agrioscitur,
1279 1753 1307 1797 ιιι
1320 1745 1411 1800 invicti
1427 1751 1577 1811 argumenti
1596 1750 1636 1802 vis
1651 1748 1810 1803 declinetur.

190 1817 237 1886 qui
257 1815 368 1886 objectus
381 1814 475 1882 [uerat.
497 1812 601 1865 verbam
621 1827 634 1863 e
654 1809 727 1863 cerlo
749 1813 787 1865 cet
800 1813 918 1876 scribere,
937 1813 975 1866 aet
1028 1811 1162 1880 Ejirsrirodi
1175 1816 1255 1868 etiarn
1265 1824 1327 1869 sum
1345 1814 1396 1869 alia
1415 1816 1497 1870 murita
1523 1818 1550 1871 in
1568 1818 1663 1872 iisdern
1689 1819 1811 1872 atatihus

190 1896 289 1939 uertere
302 1902 334 1940 cs
346 1900 435 1937 eorum
447 1882 537 1936 litteris
549 1897 559 1935 .·
571 1880 680 1949 perinde
700 1895 732 1933 ac
744 1881 766 1933 si
781 1881 822 1934 vel
838 1882 873 1936 illi
888 1881 975 1936 Graeci
1026 1881 1231 1949 distinguendis,
1249 1898 1308 1951 quae
1329 1886 1400 1939 nulia
1424 1887 1474 1939 alia
1496 1886 1530 1940 de
1550 1901 1631 1941 cansa
1653 1887 1809 1951 aduruntur,

191 1956 289 2010 Latiare
310 1955 466 2021 scripserint
483 1951 514 2004 ad
536 1950 729 2017 torrocentiuro,
744 1950 786 2004 vel
806 1952 975 2007 innocentius
1027 1953 1078 2005 rusi
1090 1958 1122 2006 ut
1130 1954 1189 2007 aliis
1203 1953 1402 2009 diltieuttatihus
1416 1965 1581 2011 occurratur.
1601 1957 1666 2023 Quis
1678 1973 1741 2012 vero
1755 1973 1810 2011 ore

191 2043 224 2079 ev
238 2025 331 2079 (traco
343 2032 416 2078 testu
427 2022 520 2075 latine
535 2021 678 2072 reitrliderit
689 2034 817 2074 curionem
832 2036 903 2076 nova
916 2036 974 2075 ver·
1026 2023 1064 2075 ris
1087 2023 1236 2076 arbitrariis
1259 2023 1375 2078 inventis
1393 2024 1466 2089 tidut,
1483 2027 1672 2096 publicumque
1682 2025 1809 2081 Enniana·

194 2096 283 2159 strnue,
304 2109 363 2162 quiae
375 2107 514 2147 erroneam
529 2090 695 2159 disciplinam
716 2090 860 2158 urgereret,
881 2105 912 2145 ea
928 2105 976 2144 ne·
1027 2090 1153 2145 Ecclesia
1167 2092 1290 2147 Codcem
1310 2104 1422 2159 astruat,
1441 2096 1486 2164 qni
1504 2095 1711 2150 evidentissimis
1731 2111 1810 2165 argu·

191 2166 280 2230 glecta
295 2180 354 2234 quar
367 2164 393 2215 iu
416 2176 463 2215 sua
479 2161 596 2215 Ecclesia
616 2167 723 2226 recepta
743 2170 801 2213 erat
812 2177 820 2213 ι
833 2176 893 2215 cram
910 2160 974 2215 nihil
1026 2163 1125 2215 mentis
1139 2162 1288 2216 rcivrtatnri
1313 2162 1373 2232 lpse
1391 2164 1551 2232 Quesnelins
1565 2166 1671 2219 dissert.
1689 2165 1719 2219 tt
1735 2181 1808 2220 uum.

193 2235 252 2288 tuaac
267 2250 333 2287 ouva
345 2232 432 2286 versio
447 2231 480 2285 ad
491 2245 598 2285 causam
614 2230 770 2298 pertineret,
784 2241 812 2283 ut
824 2232 881 2300 ipse
891 2234 975 2297 Qttcs·
1027 2230 1055 2297 6,
1069 2230 1227 2299 Nunquam,
1251 2233 1355 2301 inquit,
1372 2251 1388 2287 a
1414 2235 1534 2289 Romanis
1555 2234 1715 2306 porvtipeilrus
1730 2233 1809 2290 uari

192 2304 281 2358 uellus
300 2302 393 2357 eodcrn
414 2303 473 2355 loco
491 2301 597 2354 latetur.
620 2301 749 2353 Attanum
768 2302 860 2365 carrio,
879 2301 974 2369 inquit,
1027 2300 1065 2354 uei
1078 2302 1218 2370 equalibus
1232 2302 1271 2356 uel
1282 2304 1451 2358 anterioribus
1465 2304 1530 2358 alios
1544 2320 1653 2359 cnuoucs
1668 2307 1757 2358 cientur
1771 2305 1809 2359 lc·

192 2386 265 2442 reque
288 2372 431 2427 innnocentii
451 2385 535 2424 causa
550 2368 766 2437 patrocinabatur.
791 2370 856 2425 Etsi
868 2372 975 2440 quidem
1026 2371 1111 2440 pimus
1133 2380 1225 2438 prater
1240 2372 1360 2427 Niroenas
1377 2375 1416 2429 rel
1436 2374 1601 2429 Sardiemses
1624 2391 1670 2442 pru
1694 2373 1809 2430 Nicaeut's

192 2460 227 2496 es
248 2443 367 2497 Eorrraua
381 2441 504 2495 versione
518 2438 688 2493 metuendum
703 2440 753 2507 ipsi
768 2448 838 2504 erat,
853 2455 887 2493 ne
906 2438 976 2496 torte
1027 2441 1135 2495 habitas.
1152 2440 1317 2497 lurraceutius
1331 2441 1347 2495 t
1359 2444 1483 2510 expressis
1500 2447 1580 2499 uerbis
1598 2446 1633 2498 uit
1657 2444 1722 2499 ulios
1743 2447 1809 2499 rect-

194 2511 349 2567 ltacedcuer
364 2511 404 2581 (ιιι
418 2511 464 2565 ιΙΙι
483 2511 531 2577 ait)
545 2513 601 2580 ejus
615 2509 790 2562 auctoritatem
809 2510 975 2574 declinarent,
1027 2511 1131 2581 piandos
1145 2527 1196 2565 unu
1210 2528 1273 2566 aare.
1288 2513 1352 2579 Quis
1364 2529 1428 2583 ergo
1448 2529 1509 2569 enm
1531 2515 1658 2570 Romana
1682 2513 1808 2569 Ecclesia

193 2582 266 2636 etad
288 2582 503 2650 canonistarum
520 2581 622 2648 (utique
644 2578 776 2645 Graecruu)
791 2589 977 2646 prouocarent,-
1027 2580 1152 2635 codicem
1170 2582 1301 2648 venditet,
1313 2583 1338 2638 in
1351 2598 1404 2654 qno
1418 2595 1515 2653 praeter
1528 2584 1650 2640 Nicaeoos
1669 2592 1697 2641 et
1714 2585 1809 2639 Sardi·

193 2667 271 2719 cartre
293 2652 438 2706 timerutnm
458 2659 517 2705 erat
529 2650 563 2703 de
585 2662 653 2703 nova
672 2648 807 2713 versione,
828 2665 906 2718 quam
919 2650 976 2718 iprae
1027 2664 1132 2714 censes,
1152 2650 1263 2706 aliarum
1281 2668 1388 2721 quoqne
1400 2654 1562 2776 spadorum
1581 2670 1697 2710 canones
1717 2671 1757 2708 rec
1791 2657 1809 2707 ti

194 2720 315 2789 pontiies
326 2720 497 2776 coniecisset.
511 2719 628 2785 erastio
640 2732 701 2773 cum
719 2718 909 2774 blaceilombus
921 2735 975 2776 non
1027 2719 1212 2774 inueniuntur?
1226 2729 1260 2775 at
1273 2723 1383 2779 subdit:
1408 2761 1418 2778 .
1436 2741 1464 2778 rc
1483 2726 1678 2794 particularium
1699 2741 1762 2794 spuo
1780 2739 1809 2775 o·

193 2794 266 2846 eirca
289 2791 484 2845 orrtrnatianem
498 2790 663 2851 versabatur,
688 2803 751 2842 num
766 2798 821 2844 rata
843 2796 924 2855 esset,
942 2804 976 2846 an
1026 2805 1084 2843 runt
1095 2791 1207 2855 decretu,
1219 2792 1266 2845 etsi
1278 2793 1373 2862 alique
1386 2794 1489 2847 iliarum
1507 2796 1665 2865 synadorum
1682 2795 1710 2848 ιἰι
1732 2791 1809 2847 Cous

193 2861 287 2926 irrita;
303 2860 350 2914 sed
371 2862 397 2915 in
412 2874 444 2913 eo
459 2868 528 2923 erat,
549 2872 637 2912 orama
653 2858 758 2913 Bonoso
772 2859 888 2914 ordinati
908 2862 977 2915 reci·
1027 2875 1081 2912 cern
1099 2860 1241 2915 itomanam
1250 2863 1307 2931 jam
1320 2872 1401 2916 esseut
1414 2863 1809 2927 relatu,uutectralcedcnensenr

194 2931 284 3001 piendi
299 2942 388 2984 essent
401 2930 427 2985 in
442 2930 526 2985 ctera.
539 2928 698 2982 blacedones
708 2931 758 2982 hoc
771 2929 925 2984 asserebant
934 2930 978 2986 hi·
1027 2934 1152 2999 mnodum
1162 2932 1233 2997 apurt
1242 2931 1376 3001 plerasque
1388 2931 1586 2988 Occidentatiurn
1598 2935 1710 3002 partiunr
1722 2931 1810 2987 Eccle-

194 3001 262 3055 caeoi
274 3000 383 3054 canonis
394 3000 562 3064 auctoritate,
583 2999 610 3051 in
621 3012 674 3066 quo
689 3007 717 3052 ut
731 2997 911 3063 &tharisen
925 2999 978 3055 No·
1028 3004 1079 3054 stas
1092 3000 1120 3054 r'n
1131 3003 1305 3054 auctoritatem
1315 3013 1414 3073 recepta
1427 3013 1508 3057 sunt:
1523 3004 1550 3057 id
1563 3013 1615 3072 cst,
1633 3004 1714 3058 relata
1733 3013 1810 3058 eraut

195 3087 228 3124 va
242 3070 295 3126 iani
318 3071 344 3125 in
367 3084 415 3125 suo
429 3069 511 3138 gradu
535 3071 716 3136 reciperentur
735 3082 893 3125 concessum
916 3070 976 3127 luit.

195 3141 366 3197 innocentius
376 3155 440 3194 vero
453 3141 478 3194 id
491 3152 746 3206 negariscanoncm
759 3154 792 3194 eo
803 3151 903 3195 tanturn
914 3155 979 3196 eon·
992 3124 1016 3188 G

195 3213 258 3266 silio
270 3213 399 3275 acciunt,
410 3220 439 3264 ut
451 3211 605 3264 ostenderet
617 3208 806 3276 indulgentiam
818 3224 880 3280 erga
893 3208 979 3265 Nova·

197 3282 285 3336 tianos
299 3281 442 3335 adhibitam
455 3279 580 3348 peculiari
593 3277 627 3334 de
639 3292 730 3345 causa,
741 3278 774 3332 ad
789 3280 857 3335 alios
871 3280 981 3336 baereti-

195 3365 246 3407 ιιι
259 3361 284 3404 ιι
299 3354 330 3402 ad
346 3350 510 3405 Bonrrsianos
525 3364 578 3402 nou
594 3363 653 3402 essu
674 3349 868 3404 extendendam
881 3366 888 3404 ι
899 3365 979 3419 quarn

196 3422 227 3475 Ιιι
238 3434 293 3474 reru
306 3422 377 3474 outta
391 3434 459 3473 nova
470 3420 593 3472 versione
604 3431 672 3486 opus
687 3418 745 3472 tuit.
762 3418 980 3483 tgitnrtnuucea·

195 3490 228 3545 tii
241 3492 328 3545 versio
342 3490 460 3543 Romana
480 3488 569 3556 negari
584 3502 635 3542 noa
652 3497 752 3554 potest;
767 3490 846 3559 757
861 3504 894 3544 ac
914 3504 978 3558 pro·

196 3570 288 3629 pterea
306 3575 365 3627 quae
392 3560 418 3613 in
440 3568 531 3613 nostra
554 3557 709 3613 collectione
727 3566 781 3612 ιιιιιι
803 3567 845 3614 est
863 3561 978 3629 diversa,

195 3628 284 3684 aliana
295 3630 447 3699 agnescitnr
460 3628 494 3682 ab
515 3641 549 3683 eu
563 3627 670 3693 codice,
692 3628 737 3697 qui
752 3628 779 3683 in
793 3627 912 3685 Romana
927 3630 980 3687 Ee·

196 3699 280 3754 etesia
296 3711 419 3768 receptus
432 3698 566 3754 credatur.
610 3721 617 3734 ·

234 3768 278 3823 ΙΙΙ.
293 3771 380 3823 Alvum
394 3782 500 3837 qnorpve
513 3768 649 3822 tticaeouru
662 3781 790 3822 canonem
806 3769 835 3825 tt
853 3769 979 3827 observa·

195 3854 228 3894 re
241 3839 316 3894 libet.
329 3838 402 3893 Fetis
414 3837 458 3902 ΙΙΙ,
470 3840 495 3891 in
506 3838 585 3906 epit.
603 3837 662 3892 irad
674 3838 813 3906 episcopos
827 3853 876 3907 per
888 3841 979 3897 diver·

196 3922 241 3963 aas
257 3909 405 3978 provincias
417 3909 588 3970 constitutos,
604 3906 662 3962 Ιιιιι
675 3908 805 3977 scripsit:
826 3909 864 3963 tta
881 3913 979 3967 clericis

194 3988 283 4031 eutem
297 3987 321 4031 ct
335 3978 533 4042 mercandisant
550 3977 642 4046 puellis
661 3977 723 4045 Dei,
749 3987 795 4030 aut
816 3980 979 4036 sacularibus

194 4049 292 4102 minari
305 4050 465 4117 praecipimus
475 4048 542 4100 huuc
555 4059 676 4111 terrorem,
695 4063 769 4115 quern
783 4047 890 4103 Nicaeae
904 4066 980 4120 spuo-

195 4119 246 4171 dus
260 4120 328 4170 eirca
341 4134 383 4173 ees
397 4119 441 4187 qui
455 4118 520 4185 lapsi
532 4119 636 4171 suntuct
647 4119 748 4181 lueruut
760 4120 912 4172 ceurennum
926 4138 980 4177 esse

197 4187 339 4252 constituit,
353 4197 380 4241 ιιι
393 4188 488 4241 scilicet
499 4187 542 4255 qui
555 4185 628 4240 rrrrlia
645 4188 808 4252 necesitate,
827 4191 921 4243 nullius
942 4193 980 4246 rei

194 4259 287 4310 timore
299 4258 553 4328 acceperuntque,
568 4266 594 4309 ut
613 4257 840 4324 rebaptizarentur,
854 4258 980 4315 hereticis

195 4326 270 4396 impii
283 4328 444 4392 dediderunt,
455 4328 478 4380 si
491 4338 574 4379 tumen
584 4341 627 4380 eor
637 4342 669 4380 eu
678 4328 754 4380 corde
765 4330 891 4395 peniteat,
899 4330 979 4385 trihus

194 4397 271 4449 anuis
284 4397 349 4449 ivrter
357 4399 490 4450 audientes
501 4397 561 4462 siut,
576 4407 671 4466 septem
680 4411 736 4450 veru
746 4400 820 4451 urinis
832 4399 978 4466 srrbjaceant

1030 3068 1057 3124 in
1072 3071 1191 3125 codicem
1214 3073 1360 3141 publicum,
1373 3072 1419 3128 scd
1433 3073 1459 3128 iu
1473 3075 1657 3131 auctoritatem
1668 3089 1720 3127 nrm
1733 3087 1810 3128 eram

1031 3149 1148 3209 recepta,
1164 3155 1215 3196 occ
1234 3143 1333 3198 idcirco
1347 3143 1381 3197 ab
1401 3144 1454 3199 ullo
1468 3146 1587 3200 thomann
1613 3144 1737 3215 pontitlee
1759 3159 1809 3197 on·

1031 3225 1110 3280 quam
1123 3212 1203 3266 citata
1216 3211 1301 3267 tuere.
1317 3213 1381 3277 onis
1407 3214 1433 3268 id
1459 3215 1605 3280 intelligere
1623 3214 1726 3284 potest}t
1744 3211 1809 3267 Cum

1031 3282 1114 3336 ceder
1128 3282 1233 3350 publica
1244 3284 1403 3338 auctoritate
1412 3285 1510 3350 editur,
1532 3293 1562 3339 ut
1576 3284 1682 3352 publicu
1696 3284 1755 3338 risui
1771 3285 1811 3337 in·

1030 3352 1145 3414 serviat;
1160 3365 1277 3406 canones
1291 3351 1318 3404 in
1328 3368 1361 3406 eo
1372 3354 1465 3408 inserti
1480 3354 1610 3423 publicam
1625 3353 1810 3408 atrctoritatenr

1030 3421 1180 3489 acquirunt.
1203 3419 1232 3475 Si
1255 3422 1320 3474 nolti
1340 3421 1384 3475 atii
1404 3437 1521 3477 ιιιιιιιιιι
1536 3434 1634 3492 praeter
1651 3423 1773 3478 Nicanos
1785 3434 1811 3477 ιι

1030 3487 1205 3544 Sardiceoses
1218 3491 1403 3545 anctoritatem
1422 3491 1554 3546 habebant
1569 3494 1595 3546 iu
1621 3493 1741 3547 Romana
1758 3494 1810 3548 Ec·

1029 3560 1124 3623 etesia,
1142 3553 1270 3627 non'ergo
1285 3562 1389 3614 tuerant
1400 3562 1506 3626 pubtteo
1521 3562 1606 3616 codici
1625 3561 1738 3626 inserti,
1760 3577 1810 3616 nec

1030 3629 1136 3697 publiea
1157 3630 1316 3683 auctoritate
1335 3629 1443 3693 evulgati.
1466 3631 1605 3698 Quomodo
1629 3633 1707 3700 igitvr
1725 3632 1809 3685 codes

1030 3698 1232 3766 Quesnellianos
1247 3697 1293 3753 itte
1305 3713 1364 3754 csse
1375 3703 1401 3752 in
1412 3700 1470 3768 ipso
1483 3701 1560 3756 nitido
1579 3701 1637 3756 trad
1650 3712 1704 3767 tur,
1722 3701 1768 3769 qui
1783 3703 1810 3754 r'u

1029 3784 1076 3821 usu
1089 3777 1142 3821 erut
1157 3769 1184 3821 iu
1196 3768 1310 3822 donnana
1320 3767 1436 3823 Ecclesia
1449 3770 1494 3824 sub
1506 3769 1655 3826 irruoceutlo
1667 3770 1682 3825 1
1686 3811 1693 3836 ,
1708 3771 1810 3825 Zosimo

1029 3848 1053 3893 et
1067 3838 1161 3900 brerae,
1175 3839 1198 3892 si
1211 3852 1327 3892 canones
1340 3840 1367 3893 ia
1378 3854 1410 3893 eo
1421 3840 1547 3908 descripti
1563 3858 1615 3897 ivon
1631 3851 1708 3897 eraut
1725 3842 1750 3895 iu
1761 3857 1808 3894 au·

1029 3910 1177 3962 ctoritatcm
1194 3908 1309 3974 recepti?
1321 3907 1388 3963 Num
1403 3910 1541 3979 quoderat
1554 3912 1639 3966 iussu
1654 3915 1680 3966 in
1696 3911 1810 3965 ltouvana

1030 3977 1157 4041 Eccterin,
1171 3978 1198 4032 in
1212 3980 1370 4034 auctoritato
1384 3996 1436 4034 nou
1450 3984 1528 4035 crati
1543 3983 1637 4037 Nerine
1651 3982 1810 4048 eresnetlus

1029 4048 1056 4103 in
1070 4049 1236 4102 aritecedenti
1246 4047 1434 4104 dissertatione
1455 4053 1498 4116 lt,
1516 4067 1575 4120 cap.
1601 4051 1717 4122 2759
1738 4054 1809 4106 circa

1030 4118 1146 4172 rnedium
1156 4118 1303 4182 contendit,
1318 4121 1426 4174 decreta
1437 4125 1597 4192 pronunlqatn
1607 4122 1704 4187 trabarr',
1726 4121 1762 4175 ita
1781 4130 1810 4174 ut

1029 4187 1152 4243 homines
1167 4189 1255 4242 iisdem
1276 4197 1409 4243 teneantur
1423 4191 1534 4256 obiverit,
1550 4208 1606 4244 cvm
1619 4190 1719 4262 publica
1730 4206 1760 4243 ac
1770 4207 1809 4245 rc·

1028 4259 1192 4327 ceptocodici
1204 4258 1327 4312 habentur
1342 4260 1456 4313 inserta?
1475 4262 1526 4316 t‘ro
1544 4261 1649 4328 publio
1666 4271 1754 4314 atatem
1776 4276 1807 4313 as

1029 4337 1137 4394 recepto
1147 4329 1320 4382 codicesnam
1331 4330 1515 4385 collectionem
1530 4332 1656 4384 venditat.
1668 4332 1733 4384 ttorn
1744 4344 1808 4398 ergo

1029 4395 1169 4463 descriptis
1182 4412 1258 4450 anea
1273 4399 1362 4454 verbis
1381 4401 1556 4464 particulares
1576 4401 1693 4470 synodos
1714 4401 1739 4452 in
1762 4414 1808 4452 ea·

193 4467 262 4520 iuter
277 4468 423 4527 punitura
445 4466 560 4519 munibus
577 4468 754 4533 sacerdotum,
778 4468 875 4521 avolus
899 4470 975 4522 etium
992 4466 1089 4540 fldem
1103 4467 1260 4522 collectione
1275 4471 1426 4536 proposicrs
1439 4470 1467 4522 io
1480 4472 1640 4524 auctoritate
1654 4484 1706 4523 non
1725 4468 1807 4522 luisse

194 4535 430 4590 abstinueramus
444 4536 976 4603 orvvaitrusuousinamurvulterrusrdtau·
1029 4537 1137 4604 prodit,
1170 4539 1227 4600 ipse
1255 4539 1362 4592 sitvimet
1393 4539 1610 4593 suaridestissime
1640 4537 1806 4593 contradidit.

193 4608 326 4657 tumrnodo
340 4605 503 4659 sacularibus
533 4603 542 4675 Ι
557 4608 598 4659 ΑΙ.
610 4606 774 4675 popularibus
788 4605 797 4677 J
818 4606 844 4658 iu
863 4610 976 4664 ornt'one

194 4684 336 4729 secentur.
352 4676 421 4728 Nihil
437 4674 610 4728 dubitandum
627 4679 733 4730 vatetnr
751 4691 814 4743 quivi
835 4677 877 4729 tric
895 4679 975 4732 verbo

193 4740 322 4798 Romanas
333 4746 466 4799 versionis
476 4745 586 4798 carnonis
597 4743 626 4795 tt
641 4745 694 4799 aS.
707 4746 830 4811 pontifice
844 4747 977 4814 exscripta

195 4816 330 4877 buccano
343 4818 438 4884 quibus
452 4815 561 4867 uinunru
574 4814 684 4867 multum
695 4817 792 4868 atvauut
801 4818 879 4869 verba
895 4819 977 4871 inter·

193 4883 353 4950 pretationis
366 4886 392 4937 io
408 4883 532 4949 Qnesueti
543 4897 593 4937 ana
617 4886 773 4938 collectione
793 4884 914 4953 inserta,
931 4887 975 4942 ubi

192 4953 265 5005 idem
281 4967 366 5006 caurio
381 4955 420 5007 sic
434 4952 543 5009 effertur
553 4969 578 5007 ι.
594 4954 626 5007 tr
642 4970 650 5008 ι
667 4953 705 5007 De
719 4956 758 5008 hir
770 4955 813 5021 qui
822 4958 980 5023 prevaricati

191 5021 376 5076 raurrtaatta
391 5029 548 5088 necessitate,
562 5024 616 5077 sine
630 5023 757 5077 ablatione
770 5027 924 5088 patrimonii,
939 5017 978 5082 r‘et

192 5093 249 5144 sirac
262 5092 298 5145 ali
308 5109 348 5145 ‚uo
362 5093 484 5161 periculo,
500 5103 552 5147 etc.
570 5092 600 5146 Si
615 5094 659 5158 qui
671 5108 730 5163 erqo
745 5109 777 5148 ea
793 5099 879 5147 aniruo
893 5097 976 5163 preni-

192 5168 258 5230 reat,
274 5163 353 5217 tribus
366 5166 440 5217 annis
449 5165 515 5215 iuter
530 5164 658 5216 auditores
672 5164 868 5232 concitaretur,
882 5166 904 5218 si
916 5167 977 5231 lide·

191 5230 229 5285 les
239 5235 300 5290 siut,
314 5245 337 5283 ct
350 5243 444 5298 septem
458 5234 534 5284 narnis
546 5234 611 5284 r'ruer
625 5233 787 5301 purriteutesr
806 5235 903 5287 uantur
918 5251 976 5290 cero

190 5301 269 5353 urrais
282 5309 354 5354 extra
366 5301 567 5355 corvrnruuiouem
586 5303 612 5354 iu
632 5304 746 5357 oratione
765 5303 820 5356 sola
840 5304 974 5374 participes

191 5368 259 5436 pianr
280 5373 386 5439 popula.
406 5371 457 5425 Par
478 5371 533 5424 tere
552 5371 741 5426 dissimilitudo
765 5373 975 5438 deprctreuditur

191 5440 275 5494 auiam
288 5441 314 5493 in
326 5442 429 5495 duobos
443 5442 504 5495 aliis
517 5441 631 5495 arcanis
643 5443 789 5496 carronibns
800 5444 834 5498 ta
846 5452 875 5498 et
886 5443 929 5508 ll,
940 5446 975 5499 ab

191 5508 288 5562 eodem
301 5512 425 5577 poricitrce
437 5512 463 5565 in
480 5512 585 5565 tundata
608 5511 720 5579 epistola
738 5517 911 5580 memoratis,
929 5516 974 5580 qui

192 5576 222 5633 in
234 5580 423 5644 Quesrielhaoo
438 5581 531 5636 codice
543 5593 717 5636 recensentur
737 5595 798 5636 cau.
822 5582 856 5636 ta
878 5590 906 5636 et
927 5584 972 5639 20.

1027 4609 1132 4670 Quavvto
1146 4607 1223 4673 igitur
1239 4608 1336 4662 metius
1347 4607 1467 4662 dicemus
1478 4623 1538 4661 earn
1552 4608 1757 4675 collectionem,
1781 4624 1806 4661 vn

1027 4675 1076 4744 qvia
1089 4681 1251 4745 synrvitornur
1266 4693 1382 4732 canones
1395 4692 1411 4731 a
1423 4678 1541 4731 itomaaa
1560 4677 1677 4731 Ecclesia
1698 4693 1750 4731 ooo
1766 4693 1806 4731 re·

1026 4748 1096 4870 ἓξιιιί
1110 4746 1308 4870 ιΙιιιιίΙιιιιιῖιιιι,
1322 4762 1371 4819 pro
1381 4747 1502 4802 Romano
1519 4747 1624 4817 publico
1644 4747 1742 4804 Cdiee
1761 4749 1808 4804 ba·

1063 4833 1084 4870 ll
1099 4830 1151 4870 tlon
1200 4832 1242 4871 ³88

1066 4885 1095 4940 ll.
1108 4831 1311 4955 attapgjnsrnoot
1326 4885 1410 4942 codici
1426 4885 1512 4942 vuinus
1524 4901 1641 4957 congrua
1665 4888 1754 4957 paucis
1768 4888 1808 4940 in·

1029 4954 1188 5010 dicabimus.
1200 4959 1265 5023 tiaris
1277 4959 1369 5011 credat
1395 4959 1528 5013 Ennianus
1552 4958 1690 5026 pontitlccs
1710 4962 1807 5012 in-suo

1028 5026 1121 5081 codice
1136 5027 1241 5094 publico
1257 5027 1415 5081 breviarium
1433 5029 1528 5096 synodi
1549 5027 1725 5093 Hipponensis
1743 5041 1806 5081 con·

1028 5094 1111 5148 ditum
1126 5097 1152 5150 iu
1166 5099 1280 5151 concilio
1292 5096 1491 5162 Carthaginensi
1502 5098 1565 5151 anni
1577 5096 1639 5159 597,
1654 5098 1740 5170 idibus
1749 5093 1806 5149 Aa·

1046 5166 1117 5226 visti,
1139 5180 1199 5219 curn
1222 5166 1306 5218 tribns
1325 5166 1420 5218 alienis
1442 5165 1586 5219 carrourbus
1605 5164 1757 5232 recepisset
1777 5165 1805 5219 Si

1026 5179 1169 5300 fiarevoetto
1180 5234 1343 5288 credendum
1356 5241 1445 5296 esset,
1460 5234 1530 5289 idem
1541 5234 1700 5288 breviarium
1711 5248 1806 5288 sccun-

1026 5308 1062 5357 do
1074 5304 1174 5357 codicis
1187 5305 1303 5372 capituto
1318 5305 1447 5357 insertum
1459 5302 1518 5369 luit,
1543 5318 1603 5357 euru
1618 5306 1708 5357 oborta
1724 5301 1804 5357 Pels-

1024 5374 1102 5444 qiuua
1124 5375 1226 5433 heresis
1247 5373 1353 5442 niujoris
1370 5373 1513 5426 ttomauanr
1526 5373 1593 5425 iuter
1614 5385 1637 5427 ct
1658 5373 1806 5436 Atricananr

1026 5443 1165 5496 Euctusiarn
1176 5444 1318 5497 comrvrsrcu'
1332 5447 1503 5496 raecessr'tatrm
1524 5444 1593 5510 [ecit.
1613 5444 1641 5496 Si
1656 5455 1761 5510 aratura,
1777 5453 1806 5496 ut

1025 5513 1081 5580 ipse
1091 5514 1137 5572 ait,
1148 5512 1197 5565 huc
1206 5514 1336 5566 occasione
1347 5512 1428 5581 maqir
1437 5511 1546 5564 innotuit
1557 5509 1679 5565 Romana
1687 5511 1729 5566 Ec.
1738 5512 1807 5567 lesia

1025 5582 1146 5648 Africana
1160 5583 1305 5652 disciplina,
1316 5598 1391 5646 qvam
1401 5582 1454 5634 suis
1466 5581 1576 5634 cerambus
1589 5582 1806 5635 accommodatam

191 5646 260 5714 Quis
271 5662 335 5715 ergo
346 5649 495 5704 Romanum
508 5650 740 5706 Corticemcredut
760 5651 785 5703 in
799 5665 853 5718 quo
872 5659 973 5709 tanturn
1020 5653 1168 5722 judicantes
1182 5651 1291 5705 Romani
1305 5651 1367 5705 ctcri
1378 5664 1586 5719 maurenasca·
1596 5652 1667 5705 ittam
1682 5650 1805 5718 immac

192 5723 239 5776 est
247 5719 377 5776 versionis
389 5719 556 5802 tticaaoruro
570 5735 701 5777 ramnum
714 5719 876 5778 discrimenl

1027 5722 1228 5784 propritcudier'r
1242 5729 1339 5787 partem
1352 5735 1405 5775 esse
1416 5720 1565 5791 ιοιιιιιιιιιις
1576 5734 1609 5779 ιι
1621 5722 1713 5793 utique
1723 5721 1804 5778 laua-
