4000 6175
234 330 266 389 to
479 327 522 383 DE
542 323 653 393 tutte.
673 320 897 380 contensiosi.
920 322 963 378 ΕΤ
983 323 1197 379 COLLECTOR.
1218 322 1391 381 cutoxutt.
1412 324 1502 382 PARS
1521 325 1634 383 Pilfflrl.
1812 328 1850 389 li

232 441 347 511 antiquis
359 453 491 496 canonum
511 436 715 492 collectionibus
731 449 827 505 agere,
847 450 907 490 curn
924 443 1014 490 tamen
1028 441 1053 498 Δ
1068 436 1173 505 ιιιιιιιι
1190 437 1282 506 ignoti.
1297 437 1429 499 Prachre
1443 440 1575 506 autemin
1591 442 1660 498 lianc
1674 458 1731 500 rem
1746 449 1851 506 nutnnit

232 508 553 579 Graeeamatspnodorum
564 506 859 562 setustissiuricannues
869 504 1014 560 tartunue
1067 506 1237 573 Quosnellus,
1252 509 1342 588 notati
1357 508 1384 590 in
1398 510 1477 589 epist.
1492 508 1525 565 lli
1537 509 1622 580 (ten.
1638 512 1669 578 ll,
1683 515 1733 569 eol.
1748 518 1848 582 litii:

232 582 320 635 donati
343 580 370 633 iu
393 578 565 633 collectiones
587 576 695 629 balistas
717 573 829 628 traducti
852 572 965 638 luerint,
980 573 1015 629 tie
1069 577 1463 645 Quemudtuodunr,tnqurl,rpsi
1477 583 1610 643 apostolici
1623 599 1772 640 rotruueses
1785 605 1849 643 run·

231 651 322 705 Graeea
335 651 491 704 eorumdem
504 645 677 708 collectione,
691 659 726 698 es
736 658 786 712 qua
799 643 860 697 llius
873 642 959 698 Latlrti
973 643 1015 697 itt·
1065 644 1241 699 suetudinilrut
1254 646 1399 716 repetitque
1416 649 1449 700 ιι
1467 650 1590 719 apostolis
1608 652 1716 719 uirisque
1727 664 1850 723 upqpmri.

232 730 364 786 terpretss
385 717 571 778 deduxerunt,
591 723 669 768 autres
688 712 873 768 disserendum
883 722 935 768 est.
947 710 1013 768 Cum
1065 715 1102 766 ris
1115 715 1181 768 uelut
1196 729 1239 778 per
1253 731 1355 768 murum
1368 719 1468 772 tradidi
1480 730 1503 772 et
1513 721 1623 789 acceptis
1635 726 1740 792 conpari
1749 728 1849 795 [oet-eru

232 802 297 842 sero
313 795 411 855 preter
428 797 544 840 canones
558 782 732 837 conciliorum
746 781 901 838 Graecorum
915 783 947 836 ad
964 782 1014 836 ba·
1066 783 1097 837 ub
1113 782 1303 848 Orientalibus,
1323 786 1359 838 ira
1379 798 1474 840 cerrum
1489 798 1525 842 eat
1541 791 1683 860 (ιιιριιιιει
1697 799 1798 864 repulus
1809 816 1850 852 rc.

233 860 302 911 ιιιοι
314 859 486 925 perteneriut
498 855 579 908 etiam
593 852 631 906 illi
646 865 761 906 canones
772 854 816 917 qni
831 852 1014 918 apostulorum
1065 852 1223 906 elesiosricur
1245 855 1271 906 iu
1295 853 1411 907 deutrus
1434 856 1549 913 Ecclesia
1562 861 1673 931 ιιιιιιιε
1686 867 1774 931 primis
1788 878 1849 922 ternu.

232 921 1014 987 nunnittecircumleruntur,debortrmcullectinneomniurn
1066 923 1188 991 poribus,
1202 939 1252 975 uon
1274 924 1378 978 abunde
1388 935 1505 994 acceptus
1523 945 1598 994 quum
1619 947 1651 985 ee
1668 939 1851 992 consuetudins

232 994 436 1063 antiquissima,
454 992 489 1047 de
506 1006 558 1062 qua
573 990 663 1058 plores
674 990 729 1045 lstu
743 989 946 1056 disseruerunt,
961 1006 1016 1046 nott
1066 993 1172 1060 rurique
1185 1002 1209 1045 er
1223 1008 1255 1044 ec
1269 994 1408 1048 traditione
1427 1007 1573 1050 retuterunt
1591 1004 1764 1067 apostulorum
1778 1007 1850 1062 Petri

231 1062 459 1133 quaecunquedtci
471 1066 594 1131 possem,
608 1060 656 1114 scd
666 1060 823 1128 queunnitti
833 1071 885 1114 sun
898 1057 1014 1126 debent,
1067 1072 1091 1114 et
1111 1059 1200 1118 Pauli.
1217 1061 1274 1115 llus
1288 1079 1365 1132 porro
1377 1080 1435 1116 cum
1454 1067 1582 1135 aliquibus
1600 1075 1738 1131 tenentium
1748 1089 1849 1145 symm.

232 1150 266 1188 ue
285 1132 348 1201 quid
363 1131 424 1186 lroic
443 1130 565 1185 tractatui
581 1129 675 1184 deesse
690 1128 826 1194 videatur,
838 1129 945 1184 breuius
956 1144 1016 1196 per·
1066 1131 1121 1183 licis
1145 1131 1277 1186 conuenire
1296 1137 1352 1199 quis
1369 1134 1488 1200 uniretur,
1510 1153 1568 1189 enm
1589 1155 1640 1192 usu
1662 1149 1849 1202 santumnium

231 1202 468 1271 stnngeudasuat.
482 1197 590 1253 emtum
600 1206 644 1253 est
654 1198 756 1252 nollunt
765 1199 926 1268 corpussine
938 1200 1015 1253 statis
1065 1200 1240 1268 apestolorum
1251 1201 1333 1269 fides,
1348 1218 1399 1274 unu
1418 1202 1567 1275 plerumque
1584 1209 1718 1280 discipline
1730 1231 1763 1269 ee
1774 1221 1850 1272 usurp,

230 1271 336 1341 legibus
359 1268 416 1337 regi
439 1278 521 1338 atque
540 1268 689 1323 mmisters
704 1282 828 1336 umquam
845 1271 1016 1336 poetellius
1067 1269 1293 1339 muqirrriscictc
1306 1274 1479 1327 demeudent:
1499 1274 1569 1329 ilinc
1583 1279 1680 1340 {uuum
1693 1294 1850 1354 esturqqae.

230 1341 386 1410 apostototr
420 1336 1016 1404 endeEcclesiaeeertutregulasseucanones
1066 1337 1127 1393 daut
1151 1338 1294 1394 constituta
1320 1343 1473 1409 pontiticotn
1497 1359 1529 1398 er
1552 1348 1617 1409 ipsis
1638 1354 1785 1410 canonibus
1806 1371 1848 1411 as.

230 1410 379 1491 praefixisse
387 1354 516 1476 eiubitari
531 1410 634 1476 nequit.
650 1407 703 1460 lias
714 1415 803 1461 autent
818 1407 933 1475 regulas,
948 1422 1017 1477 quas
1066 1416 1171 1477 sumpta
1186 1422 1245 1464 esse
1259 1409 1408 1476 rideantur,
1425 1422 1452 1465 ut
1466 1411 1575 1482 loquitur
1587 1416 1726 1488 Dionysius
1734 1422 1849 1496 Euripum
1906 1461 1910 1470 .

231 1480 271 1534 tili
285 1480 368 1534 serbe
377 1478 545 1533 tradiderunt
554 1475 811 1540 scelestissimum
824 1478 924 1545 scripto
934 1475 1017 1531 luisse
1068 1477 1095 1530 in
1108 1478 1257 1543 prelatione
1270 1495 1411 1546 cononum,
1432 1485 1626 1552 rumpotinus
1639 1497 1778 1548 communit
1798 1507 1850 1549 tru-

233 1549 372 1611 collectas,
385 1558 557 1602 etcanouutu
572 1546 752 1618 apostulorum
765 1546 841 1600 titolo
856 1557 1017 1614 praenotatas
1068 1547 1171 1600 ditionis
1194 1553 1265 1614 (onte
1284 1557 1336 1602 tunt
1350 1552 1487 1603 contributa
1510 1556 1617 1616 puerunt
1640 1575 1716 1626 quum
1742 1579 1851 1620 eunom,

231 1624 300 1672 „pq
313 1617 442 1673 ωιιιιιιι
456 1624 508 1671 ιιι,
523 1615 614 1684 Neque
628 1615 769 1685 propterea
783 1614 1017 1672 credimusomnia
1068 1615 1214 1682 apostolici.
1230 1618 1304 1685 Quod
1320 1634 1399 1687 porro
1413 1622 1523 1687 subdit,
1544 1637 1574 1677 se
1589 1640 1640 1679 non
1653 1641 1763 1696 grauate
1772 1635 1851 1691 lateri

231 1702 294 1756 qua
313 1687 340 1741 in
362 1687 427 1755 ipsis
448 1685 595 1740 canonibus
612 1686 783 1740 contristentur
801 1685 929 1752 apostolis
946 1687 1018 1742 reie-
1068 1685 1098 1741 S.
1121 1686 1236 1741 Leonem
1262 1689 1400 1743 iraeadem
1424 1690 1537 1761 epistola
1564 1695 1697 1753 tourtam
1720 1718 1851 1760 cottonem

231 1755 327 1811 reuda.
344 1755 439 1813 Solent
452 1756 551 1824 quippe
564 1754 695 1824 ejusmodi
706 1767 797 1822 opera,
810 1762 841 1807 ut
854 1756 920 1809 scite
929 1756 1017 1809 anim·
1069 1757 1245 1821 apostolicum
1265 1760 1435 1826 respexisse,
1451 1762 1570 1816 noluisse
1590 1776 1676 1821 tannen
1691 1777 1852 1837 apostoliens

229 1826 348 1881 advertit
371 1826 401 1882 P.
423 1822 666 1891 sensissemus
692 1826 841 1892 prefatione
863 1826 896 1877 ud
923 1834 984 1878 tom.
1007 1805 1186 1880 {Beattones
1206 1842 1371 1896 nuncupare,
1396 1844 1431 1883 ne
1450 1828 1538 1886 dubiis
1554 1843 1581 1888 et
1596 1839 1713 1892 nondum
1737 1848 1852 1913 ret-eptis

233 1896 310 1963 epist.
319 1895 398 1951 ιιιιιι,
408 1895 514 1965 postis„
527 1909 599 1948 uum.
611 1894 669 1974 ιι),
681 1894 741 1949 licet
753 1893 833 1947 uariis
845 1896 1017 1951 incrementis
1069 1897 1216 1952 canonibus
1229 1902 1374 1954 auctoritas
1393 1899 1454 1956 inde
1469 1903 1624 1970 accederet,
1639 1910 1793 1977 eottjeetora
1811 1928 1853 1968 est

232 1975 391 2032 augeantur,
412 1963 470 2032 ejus
488 1976 584 2018 nomen
610 1978 637 2017 tn
658 1962 803 2032 epigraphe
823 1967 939 2020 retinere
963 1979 1016 2034 quo

232 2037 347 2100 primum
367 2043 476 2088 auctore
494 2042 580 2100 crepta
597 2032 639 2086 rel
653 2034 797 2086 constituta
811 2031 929 2088 luerunt.
948 2034 1016 2090 Cum

231 2118 298 2158 reru
316 2104 424 2172 quidam
442 2114 559 2157 euocoes
576 2100 671 2157 iisdem
693 2101 786 2164 inserti
801 2116 908 2159 errores
921 2105 1016 2172 praeie·

232 2182 294 2227 rant
317 2171 491 2237 manifestos,
517 2170 562 2239 qui
590 2171 692 2227 traditis
713 2171 894 2240 apostulorum
916 2173 1017 2242 regulis

231 2242 332 2296 ascribi
340 2250 483 2311 nequeum,
495 2238 602 2312 plorimi
614 2238 679 2309 ipsis
693 2238 797 2296 laudern
811 2255 863 2293 nnn
880 2244 1017 2310 prebuere

232 2325 395 2366 musensum
407 2310 535 2381 Dionysio
549 2316 617 2364 teste
631 2307 680 2379 liu
695 2312 771 2381 epist.
784 2310 819 2363 (ιιι
834 2310 1015 2384 Stepiuuum),

232 2393 267 2435 ac
280 2381 307 2434 in
324 2379 422 2436 celebri
438 2381 547 2435 decreto
568 2378 603 2433 de
622 2379 697 2434 libris
709 2379 884 2449 recipiendis,
900 2381 942 2436 tel
962 2396 1017 2435 nou

233 2450 394 2519 recipiendis
406 2450 476 2505 iuter
489 2449 642 2520 apocrypha
653 2450 714 2516 jone
726 2450 821 2505 censiti
834 2447 909 2505 luere
922 2467 929 2504 :
946 2451 1018 2507 uude

232 2518 262 2641 ιὲι
277 2519 433 2588 pretatione
448 2520 614 2640 ιιιιιιιιάιιιι
626 2517 925 2641 ιιιιιὲιιθιιιιιὶοιῑιὶιιιι
946 2519 1016 2606 luit:

491 2603 735 2729 ιιιιιιι
830 2606 1018 2742 ‚netes

231 2725 288 2780 iliis
301 2742 449 2782 commutor
467 2727 648 2798 prebuerunt,
667 2743 715 2796 prc
726 2742 756 2781 eo
773 2727 841 2797 quod
849 2728 882 2781 (ιι
893 2727 1019 2784 berctrer'a

232 2798 280 2849 sub
291 2799 392 2851 tremine
398 2797 570 2866 apostolorum
581 2796 714 2868 compositi
721 2796 916 2867 diqucarunttrr,
927 2815 1019 2870 quotu-

1069 1966 1179 2022 omnino
1202 1967 1317 2032 inlirma,
1341 1970 1423 2025 immo
1447 1974 1626 2040 incredibilis,
1648 1978 1698 2032 nisi
1723 1986 1852 2049 probetur

1069 2037 1221 2091 tersionem
1242 2037 1358 2108 aliquam
1384 2044 1518 2096 exstitisse
1532 2056 1594 2099 ante
1616 2048 1781 2121 dionysium,
1800 2072 1851 2121 qua

1069 2105 1150 2160 iidem
1161 2120 1279 2162 canones
1292 2110 1347 2163 noti
1361 2124 1449 2165 essent
1464 2111 1566 2167 Latinis
1579 2132 1586 2166 :
1601 2120 1671 2184 quod
1687 2131 1774 2176 tannen
1789 2140 1852 2180 non·

1069 2174 1132 2229 dum
1148 2176 1285 2243 probatum
1298 2189 1359 2244 est,
1374 2194 1442 2245 nec,
1465 2191 1493 2236 ιι
1506 2184 1661 2252 credimus,
1677 2191 1782 2257 probari
1803 2211 1852 2251 un·

1070 2259 1149 2324 quarn
1164 2246 1271 2313 poterit.
1286 2246 1377 2315 Neque
1388 2249 1545 2306 obtrudatur
1557 2253 1655 2311 Gelasii
1671 2261 1807 2318 decrerunt
1817 2266 1852 2321 dc

1049 2359 1051 2374 ‚
1070 2311 1147 2368 ltbris
1165 2316 1342 2383 recipiendis,
1356 2319 1397 2373 rel
1412 2336 1464 2373 unu
1475 2323 1645 2392 recipiendis,
1662 2331 1732 2397 quod
1746 2340 1850 2389 tametsi

1070 2383 1171 2437 editum
1202 2393 1279 2441 ante.
1296 2387 1541 2458 interpretationem
1568 2394 1710 2466 Dionysii,
1737 2416 1852 2460 ranones

1071 2462 1160 2508 tannen
1183 2454 1364 2522 apostolorum
1387 2459 1457 2514 inter
1478 2467 1628 2534 apocryplta
1654 2469 1782 2538 relerens,
1805 2489 1852 2530 eos

1071 2522 1120 2589 ipsi
1138 2523 1227 2593 aliqua
1245 2528 1349 2583 ratione
1364 2530 1484 2598 cognitos
1496 2537 1600 2588 astruit.
1620 2535 1691 2608 llam=
1702 2543 1787 2608 primo
1800 2543 1852 2602 Ge·

1071 2590 1154 2646 lasius
1169 2592 1217 2646 bos
1231 2608 1369 2663 canones,
1385 2599 1437 2654 etsi
1452 2604 1641 2661 intentatione
1662 2609 1778 2668 nondum
1795 2617 1852 2669 rul-

1070 2671 1156 2731 gatos,
1168 2663 1204 2716 ita
1223 2678 1368 2723 accensere
1384 2671 1469 2735 potuit
1488 2676 1661 2745 apocryphis,
1677 2679 1716 2734 uti
1730 2683 1755 2735 in
1775 2698 1851 2740 eum·

1071 2732 1132 2785 dent
1146 2733 1293 2802 catalogum
1313 2737 1403 2792 retulit
1415 2740 1465 2793 alta
1480 2745 1601 2810 quadarn
1617 2744 1770 2804 Graecorum
1784 2769 1851 2823 opu·

1071 2802 1155 2868 scula,
1166 2818 1226 2871 qum
1236 2804 1352 2861 nondum
1365 2809 1456 2865 latine
1470 2812 1572 2868 reddita
1583 2815 1698 2871 interant.
1711 2820 1775 2876 Dein
1787 2827 1852 2879 satis

231 2865 271 2919 nis
281 2866 310 2919 in
322 2869 358 2921 eis
370 2865 488 2934 quodum
500 2866 661 2919 inueniuntur
672 2866 747 2924 utilia
757 2906 765 2929 ,
774 2868 926 2922 uscwrilute
935 2880 1018 2923 tunoen

232 2936 377 3002 apostolico
398 2950 485 2989 eorum
503 2942 573 3005 quatu
589 2943 687 2989 cunstat
703 2952 757 2990 erae
777 2946 891 3003 remoto,
909 2945 933 2991 st
952 2938 1019 2994 inter

199 3049 212 3064 ,
232 3005 382 3086 cpcerppbu
397 3004 528 3074 deputatu.
542 3005 607 3071 Quae
621 3005 696 3059 utilia
716 3014 789 3073 tunt,
803 3006 932 3077 apostolis
953 3024 1020 3065 corr·

232 3088 326 3129 uentre
336 3083 446 3144 queunt.

1072 2869 1209 2939 probabile
1223 2872 1299 2929 nobis
1313 2887 1354 2930 est
1370 2878 1438 2934 itane
1456 2878 1514 2950 ejus
1529 2883 1628 2939 decreti
1649 2892 1805 2956 particulam
1817 2895 1851 2949 du

1071 2940 1225 3025 canonibus·
1241 2947 1422 3025 apostulorum
1448 2950 1474 3003 in
1499 2953 1631 3023 plerisque
1644 2966 1723 3027 atque
1739 2964 1854 3031 potioris

1072 3007 1122 3063 bos
1137 3009 1270 3067 Gelasium
1283 3015 1382 3071 decreti
1402 3021 1599 3087 exemplaribus
1613 3029 1756 3095 omissum,
1771 3034 1803 3087 ad
1819 3049 1850 3091 ea

1072 3079 1253 3137 additamenta
1262 3088 1394 3152 pertinere
1405 3106 1463 3157 quae
1473 3091 1640 3150 Hormisdam
1651 3096 1748 3155 babent
1758 3114 1850 3160 aucto»

268 3145 296 3198 Ξ.
303 3143 402 3199 biensis
410 3144 721 3214 tlpperberetoinuncn,
733 3144 905 3217 quodlegitnr
915 3158 1057 3224 ranonec
1072 3164 1139 3214 rent,
1151 3155 1187 3206 ιιι
1197 3153 1369 3222 conjiciemus
1384 3170 1451 3226 part.
1467 3176 1497 3226 ιι,
1511 3176 1536 3216 c.
1551 3164 1594 3228 ιι,
1607 3166 1620 3237 5
1637 3168 1664 3222 5.
1676 3169 1732 3237 ipsa
1743 3176 1849 3241 quidem

232 3212 336 3279 ilibus
349 3214 821 3284 canonesnonaGrrecisliuropeis,
830 3232 879 3273 nec
888 3218 923 3273 ab
933 3219 1017 3290 AEgy·
1069 3221 1151 3275 rerba
1176 3220 1294 3294 Dionysii
1318 3225 1345 3279 in
1360 3230 1438 3297 epist.
1460 3231 1492 3284 ad
1516 3234 1680 3300 Stephanum
1694 3241 1850 3310 episcopum

232 3283 308 3352 ptiis.
321 3286 367 3352 (ιιι
388 3283 526 3339 mensibus
544 3283 596 3338 alia
614 3285 720 3339 nomina
735 3285 901 3352 indiderant,
922 3289 969 3344 sed
983 3289 1019 3346 ab
1068 3288 1265 3359 Salonitanum,
1275 3296 1364 3362 quitur
1379 3299 1549 3373 (canonibus)
1562 3307 1621 3373 quin
1630 3310 1735 3378 plurimi
1745 3328 1850 3367 censen-

231 3353 423 3417 orientalibus,
438 3355 482 3423 qui
496 3354 743 3424 Syruntacetionicis
758 3355 889 3412 mensium
905 3360 1018 3414 nomini·
1068 3376 1124 3414 runt
1143 3377 1194 3415 non
1213 3367 1343 3433 prebuere
1356 3367 1471 3437 porilem,
1484 3372 1532 3426 ιιι
1544 3375 1627 3443 ipsum
1640 3387 1746 3432 tiestrum
1768 3386 1850 3437 rrnlui'-

232 3421 285 3477 bus
302 3423 453 3488 utebantur,
476 3422 557 3477 lutose
574 3424 701 3479 collectos
718 3434 744 3480 et
757 3427 871 3494 scriptos
890 3429 1017 3484 ostendit.
1067 3446 1123 3484 ntus
1137 3434 1255 3502 iquornre
1268 3438 1446 3504 sanctitatem,
1461 3456 1516 3495 rem
1538 3444 1638 3500 latinis
1652 3448 1768 3518 ignotam
1782 3453 1851 3507 indt-

232 3493 305 3545 Antc
323 3492 456 3546 biennum
473 3507 538 3547 uero
558 3494 689 3563 synodum
707 3494 776 3549 bane
796 3496 979 3553 collectionem
992 3501 1018 3554 in
1067 3507 1148 3555 eant:
1168 3516 1201 3555 ae
1221 3511 1437 3576 proptereaque
1456 3526 1616 3580 sequuntur,
1637 3523 1750 3585 qnuutuir
1763 3535 1850 3588 postu

232 3561 268 3614 iis
282 3559 401 3616 Orientis
414 3562 566 3631 regionibus
580 3573 754 3631 compactam,
768 3565 795 3619 in
810 3567 907 3632 quibus
922 3567 1019 3638 rebap-
1067 3569 1183 3637 quedam
1194 3575 1331 3627 constituto
1348 3579 1496 3646 pontificum
1509 3597 1541 3635 ea
1554 3584 1615 3652 ipsit
1628 3589 1769 3645 canonibus
1780 3610 1851 3646 suut-

233 3630 370 3685 tixationis
381 3645 458 3686 error
470 3630 622 3697 obtinebat,
634 3647 687 3687 non
699 3633 913 3702 improbabiliter
926 3640 1019 3693 statuit
1068 3646 1112 3703 pru
1124 3654 1176 3693 ene
1190 3641 1336 3712 uideantur,
1353 3659 1406 3700 non
1427 3649 1460 3703 dc
1474 3650 1602 3706 {totnonis
1617 3657 1785 3721 pontificibus
1803 3678 1849 3719 aut

233 3698 330 3754 Petrus
345 3699 379 3755 de
394 3702 492 3766 blarru,
506 3701 575 3756 libro
588 3703 666 3756 tertio
677 3699 843 3772 Concordiae,
854 3719 914 3774 cap.
930 3706 957 3759 Ξ.
969 3704 1017 3778 [vt]
1068 3707 1170 3761 Latinis
1187 3712 1320 3791 episcopis
1330 3758 1338 3781 ,
1350 3715 1397 3770 sed
1412 3717 1445 3771 de
1459 3717 1559 3774 Graecis
1582 3718 1753 3791 intelligenda
1774 3745 1835 3787 sont

192 3824 205 3842 ‚
232 3767 364 3893 Pleraque
382 3784 448 3825 saue
460 3786 519 3837 uuae
535 3771 560 3824 in
572 3771 666 3826 iisdem
678 3772 824 3828 canonibus
838 3774 1019 3831 decernuntur
1067 3793 1181 3843 quorum
1203 3790 1344 3837 consutum
1359 3786 1479 3852 quiedam
1497 3790 1522 3841 iu
1538 3794 1741 3859 pontificalibus.
1757 3808 1785 3854 ut
1800 3779 1849 3857 ibis

233 3852 298 3893 curn
329 3839 449 3908 iscipliua
463 3840 641 3895 ecclesiastica
663 3843 773 3897 mcundi
792 3857 827 3896 ac
841 3846 913 3899 tertii
926 3847 1018 3901 seculi
1037 3836 1053 3875 ἵ
1067 3847 1128 3901 dern
1141 3856 1188 3912 att,
1203 3852 1452 3921 conuentibusedita‚
1466 3874 1525 3913 cum
1536 3863 1690 3931 apostolicis
1701 3872 1848 3929 cunonlbns

232 3917 395 3977 congruunt,
410 3918 438 3964 et
451 3911 593 3965 nonnullas
603 3912 707 3980 regulas
720 3927 780 3981 qum
791 3911 826 3967 ab
837 3914 1018 3971 Orientalibus
1067 3919 1239 3972 conueniunt.

232 3979 321 4045 quarti
333 3979 425 4032 secoli
440 3983 588 4052 allegantur
598 3980 624 4035 in
638 3981 691 4036 illis
704 3982 965 4041 cartonibm'tantnm
976 3985 1018 4041 ln·
1101 3988 1128 4041 i.
1144 3988 1206 4041 troc
1225 3987 1317 4045 Grata
1338 3996 1492 4053 eorumdem
1513 4014 1644 4058 canonum
1659 4006 1783 4065 collectio
1793 4011 1848 4067 dis-

233 4049 327 4102 tenire
341 4048 439 4103 licebit.
1067 4055 1150 4112 tincta
1169 4057 1251 4113 luisse
1265 4062 1370 4118 ridetur
1383 4079 1398 4118 a
1412 4067 1504 4123 indice
1523 4085 1654 4128 canonum
1668 4081 1846 4146 synodalium,

269 4119 297 4172 ι.
314 4117 350 4171 be
365 4121 475 4188 antiquo
488 4131 541 4174 uso
552 4119 646 4174 borum
660 4134 803 4187 canonum,
816 4136 865 4178 seu
879 4124 957 4193 injus
971 4140 1017 4180 re·
1067 4128 1112 4192 uui
1126 4136 1217 4194 postca
1230 4130 1382 4188 lucubratus
1394 4136 1439 4189 tuit
1454 4155 1461 4192 :
1476 4139 1546 4194 unde
1560 4142 1586 4195 ιιι
1601 4143 1752 4201 linaearum
1768 4164 1848 4221 sprun-

234 4187 389 4242 tostissimae
408 4189 575 4244 collectionis
587 4189 657 4260 apud
671 4189 779 4245 Graecos
798 4207 877 4248 nemo
895 4194 1015 4265 ambigit.
1067 4196 1161 4249 durum
1174 4210 1291 4253 canonos
1309 4202 1334 4254 in
1350 4206 1507 4271 quibusdam
1520 4225 1584 4265 mss.
1600 4216 1794 4283 exemplaribus
1815 4238 1847 4277 ea

234 4253 303 4310 vids
316 4256 423 4311 Petrum
435 4257 469 4313 tle
487 4256 594 4322 Marcu,
610 4260 668 4314 loen
683 4260 762 4328 paulo
775 4273 838 4317 ante
853 4273 1015 4333 memorato,
1066 4268 1191 4320 continua
1205 4282 1376 4326 numerorum
1388 4278 1457 4331 serie
1468 4280 1692 4352 nutabanturquae
1707 4286 1847 4348 aliicaenis

234 4333 261 4379 et
271 4324 439 4381 Gultielmurn
454 4328 624 4397 Bereregium
639 4329 666 4383 in
680 4330 772 4385 codice
782 4345 912 4386 cationum
926 4333 1015 4390 Eccle·
1068 4334 1241 4402 ordiebatur,
1261 4353 1295 4392 eo
1312 4343 1383 4409 quod
1401 4352 1582 4412 apestolorum
1595 4365 1722 4420 cannones,
1744 4360 1788 4427 qut
1801 4360 1847 4415 ιιι.

234 4395 283 4447 (ιιι
298 4395 438 4463 primitive
453 4396 595 4452 illustrato.
613 4398 650 4452 be
664 4414 711 4453 usu
723 4409 810 4455 autern
824 4403 893 4469 apud
908 4402 1017 4460 Latinos
1068 4407 1150 4459 cenis
1170 4409 1346 4474 praemittendi
1360 4423 1451 4477 erant,
1474 4416 1508 4470 alr
1530 4420 1625 4475 iisdem
1649 4428 1847 4494 exemplaribus

234 4471 298 4518 ante
311 4465 463 4535 biottysium
478 4467 605 4536 Exiguum
617 4470 728 4535 questio
738 4471 857 4525 vertitur.
867 4472 934 4527 Sunt
945 4474 1016 4529 enim
1028 4507 1056 4569 υ
1067 4474 1202 4529 abmsent.
1215 4478 1282 4532 Hine
1294 4480 1374 4534 etiarn
1390 4484 1530 4556 Dionysius
1546 4489 1666 4559 Exiguus
1677 4534 1684 4559 ,
1697 4497 1741 4562 qni
1751 4496 1847 4555 Graecu

233 4533 279 4600 qui
294 4533 446 4589 existimant
456 4535 600 4592 aPatribns
614 4536 713 4592 Latinis
728 4548 781 4592 eta
797 4540 1015 4600 liumanisetiam
1069 4543 1148 4613 ittrjtrs
1160 4550 1269 4614 generis
1282 4550 1376 4606 codice
1393 4567 1456 4610 osus
1477 4564 1534 4622 est,
1554 4561 1714 4626 apostolicus
1728 4580 1848 4626 canones

233 4600 405 4723 pontificibus
424 4604 550 4675 oncupio
568 4605 760 4675 antiquioribus
773 4623 890 4666 canones
907 4623 1015 4681 aposto-
1069 4610 1127 4688 [ιιι]
1141 4628 1175 4669 ex
1188 4617 1241 4672 alio
1255 4617 1347 4673 codice
1359 4625 1481 4688 sumpsit,
1493 4639 1555 4680 curn
1565 4628 1715 4687 eustatius
1728 4638 1848 4695 redditos
1908 4680 1913 4689 -

244 4671 301 4725 icos
310 4671 410 4740 passim
424 4673 532 4744 allegari
547 4677 698 4744 regulorum
711 4676 952 4735 ecclesiasticarum
967 4698 1015 4737 no·
1068 4698 1125 4738 suas
1145 4687 1263 4742 versioni
1278 4688 1400 4756 prefixit.
1413 4693 1607 4767 Quinquaginta
1624 4709 1725 4758 tantum
1740 4720 1848 4776 aposto·

234 4744 319 4808 mine,
339 4755 392 4863 quo
411 4745 490 4797 etiarn
512 4756 640 4799 ornantur
662 4748 696 4800 ab
716 4749 810 4803 endem
830 4749 965 4821 liionysio.
986 4753 1015 4809 ld
1068 4755 1134 4808 licus
1148 4768 1264 4811 canones
1284 4757 1307 4812 is
1322 4759 1349 4812 in
1365 4775 1414 4814 suo
1429 4765 1520 4820 codice
1539 4769 1648 4837 reperit,
1663 4787 1694 4828 uc
1706 4774 1847 4834 Latinitate

234 4810 342 4891 Quosne
355 4812 395 4864 lus
411 4813 496 4880 palam
511 4816 626 4869 asseruit
639 4814 744 4871 dissert.
761 4818 803 4884 td,
815 4817 903 4889 §finit
916 4821 1016 4878 Latinis
1068 4824 1186 4878 donarit.
1203 4826 1299 4881 ilerum
1323 4829 1349 4882 in
1372 4830 1431 4884 aliis
1445 4830 1547 4890 Graecis
1561 4842 1770 4912 exemplaribus,
1787 4864 1847 4918 quac

235 4894 295 4941 usur
317 4894 370 4934 nort
393 4881 499 4938 luerunt
520 4885 569 4937 nisi
586 4892 645 4950 prust
655 4887 803 4942 versionem
816 4891 1014 4960 dionysianam,
1067 4893 1569 4976 adhibuerunttmnnesSettntasticns,
1583 4910 1667 4964 etalii
1684 4918 1845 4980 posteriores

235 4963 295 5018 qnae
318 4951 418 5016 prima,
445 4952 526 5006 irnrno
549 4954 640 5020 unica,
660 4955 843 5024 interpretatio
862 4958 911 5012 init
932 4958 1015 5030 (Viti.
1068 4961 1566 5042 Groecarumcollectionumauctores,
1582 4979 1846 5057 octogintaquinque

234 5027 304 5100 pust.
328 5033 357 5083 u,
382 5035 412 5071 cn
433 5058 441 5074 .
465 5022 509 5085 lo,
530 5020 589 5093 ιι,
602 5039 629 5077 u.
651 5023 701 5090 ¹23
722 5035 746 5079 et
763 5028 1016 5085 oecumenicorum
1068 5033 1253 5089 censebantur.
1268 5037 1342 5091 ιιιιιι
1357 5051 1444 5095 autem
1458 5048 1604 5102 auctiorem
1628 5066 1766 5108 nnmerum
1783 5072 1843 5125 per·
1904 5107 1906 5109 ,

234 5088 336 5141 damst.
352 5088 386 5143 ιι
425 5093 554 5161 cernelli).
566 5093 714 5149 austerioris
727 5107 800 5152 certe
813 5098 1016 5170 sermonisque
1067 5104 1204 5171 antiquum
1220 5107 1302 5162 luisse
1316 5114 1501 5177 cognoscimus
1520 5129 1553 5170 ex
1575 5119 1687 5172 concilio
1705 5122 1756 5177 (ΣΡ.
1783 5131 1845 5183 anni

235 5156 274 5210 illi
297 5172 448 5239 canonesa
477 5159 576 5215 lationis
599 5163 717 5219 adbiberi
780 5172 888 5232 tuerint,
914 5169 1015 5225 nullum
1067 5171 1131 5237 set,
1153 5176 1197 5229 ubi
1221 5176 1374 5234 decernitur
1396 5196 1446 5235 non
1471 5185 1592 5239 licerein
1614 5197 1846 5260 postcummun

235 5226 338 5294 uspiam
358 5228 484 5284 indicium
495 5242 545 5285 est.
557 5233 632 5296 Quod
644 5236 665 5287 si
695 5250 735 5289 ote
755 5252 796 5289 um
810 5240 909 5306 regular
923 5239 957 5294 ab
967 5253 1017 5294 atr·
1068 5241 1146 5296 trium
1156 5246 1267 5313 quidem,
1289 5251 1382 5302 nedum
1394 5267 1411 5302 (ι
1422 5252 1520 5306 duobus
1532 5293 1540 5313 .
1552 5270 1609 5307 eunt
1627 5260 1671 5327 qui
1683 5276 1742 5317 reus
1752 5271 1846 5320 eremi.

236 5295 432 5378 tiquisulrtiuis
451 5300 626 5369 scriptoribus
644 5249 768 5359 turritana
787 5319 847 5360 ctnn
862 5310 1015 5375 apostolicis
1066 5320 1143 5364 satur
1155 5314 1262 5384 deponi,
1276 5319 1322 5370 sed
1337 5321 1444 5388 majoris
1456 5323 1549 5390 synodi
1560 5334 1584 5377 et
1602 5328 1735 5394 provincie
1748 5340 1845 5406 ep’sco.

235 5365 380 5422 canonibus
393 5370 570 5435 concordant,
582 5371 646 5426 uiltil
662 5374 753 5430 relert.
766 5375 821 5429 Non
838 5391 928 5445 paoem
941 5381 1014 5433 enim
1066 5396 1157 5449 porsnr
1177 5389 1311 5454 sententia,
1333 5389 1398 5440 sieut
1418 5394 1549 5459 apusto'ici
1572 5395 1694 5463 definiere
1709 5414 1847 5463 conones:

235 5434 364 5503 ejtrsmotli
387 5440 497 5508 regulae,
522 5452 662 5511 attthnam
678 5458 809 5498 canonum
833 5450 1015 5514 apostolorum
1066 5465 1125 5517 que
1139 5451 1258 5509 definitio
1271 5458 1423 5512 continetur
1437 5475 1462 5513 tn
1485 5472 1587 5520 canone
1609 5471 1790 5535 apostolorum
1811 5479 1847 5534 id

235 5506 313 5558 titulo
334 5506 468 5575 inscriptae
488 5510 580 5565 cram
603 5513 689 5580 lingua
712 5515 867 5579 ederentur,
892 5516 926 5569 ab
950 5518 1015 5586 ipsis
1068 5519 1153 5587 (inm.
1174 5521 1303 5577 llCcneil.
1325 5524 1412 5581 Vener.
1427 5531 1500 5596 edit..
1516 5536 1564 5588 cot.
1583 5538 1672 5607 teto).
1687 5540 1740 5595 Sed
1752 5544 1786 5599 ds
1798 5546 1847 5601 ltac

235 5574 362 5639 apostolis
376 5577 478 5633 renbot
492 5581 570 5634 aditu:
585 5580 691 5635 inerant
703 5621 711 5645 ‚
725 5599 756 5638 ac
768 5587 804 5638 uti
818 5587 899 5641 uerbo
911 5590 1015 5643 traditae
1068 5589 1191 5656 primeva
1203 5592 1294 5647 Grmoa
1302 5598 1459 5656 collectione
1470 5606 1548 5657 satis:
1558 5606 1591 5660 de
1602 5622 1652 5673 qua
1666 5609 1688 5661 si
1701 5612 1760 5677 quis
1772 5617 1847 5681 plura

236 5643 269 5697 ab
289 5645 480 5724 antiquioribus
499 5650 676 5717 scriptoribus
690 5652 788 5707 latiaris
805 5656 904 5708 laudari
919 5667 1015 5724 potue·
1067 5654 1523 5738 desideretcortlerat&sonegium
1537 5676 1595 5729 loeo
1607 5677 1722 5743 laudato,
1739 5684 1781 5734 nbi
1797 5687 1846 5738 tri·

237 5725 296 5767 rum
307 5723 385 5770 cttrus
399 5731 476 5784 quarn
490 5718 575 5775 Greci
590 5723 626 5776 ili
641 5735 755 5779 canones
767 5726 862 5779 iisdem
875 5736 938 5782 ante
952 5728 1015 5783 bio·
1068 5728 1115 5782 bus
1125 5729 1198 5788 libris
1208 5735 1240 5789 de
1253 5735 1347 5793 iisdem
1355 5740 1501 5798 canonibus
1510 5742 1718 5803 luculentissime
1727 5740 1845 5809 disserit.
