<?xml version="1.0" encoding="UTF-8"?>
<!DOCTYPE html PUBLIC "-//W3C//DTD XHTML 1.0 Transitional//EN"
    "http://www.w3.org/TR/xhtml1/DTD/xhtml1-transitional.dtd">
<html xmlns="http://www.w3.org/1999/xhtml" xml:lang="en" lang="en">
 <head>
  <title>
</title>
<meta http-equiv="Content-Type" content="text/html;charset=utf-8" />
  <meta name='ocr-system' content='tesseract 3.04.00' />
  <meta name='ocr-capabilities' content='ocr_page ocr_carea ocr_par ocr_line ocrx_word'/>
</head>
<body>
  <div class='ocr_page' id='page_1' title='image "./patrologiaecurs181unkngoog/patrologiaecurs181unkngoog_0501.png"; bbox 0 0 4000 6175; ppageno 0'>
   <div class='ocr_carea' id='block_1_1' title="bbox 147 281 1778 357">
    <p class='ocr_par' dir='ltr' id='par_1_1' title="bbox 147 281 1778 357">
     <span class='ocr_line' id='line_1_1' title="bbox 147 281 1778 357; baseline 0.009 -16"><span class='ocrx_word' id='word_1_1' title='bbox 147 284 203 341; x_wconf 76' lang='lat' dir='ltr'>bbb</span> <span class='ocrx_word' id='word_1_2' title='bbox 312 281 466 341; x_wconf 74' lang='lat' dir='ltr'>[sissent.</span> <span class='ocrx_word' id='word_1_3' title='bbox 487 283 767 355; x_wconf 71' lang='lat' dir='ltr'>xtltoossssttttl.</span> <span class='ocrx_word' id='word_1_4' title='bbox 788 284 832 340; x_wconf 78' lang='lat' dir='ltr'>lia</span> <span class='ocrx_word' id='word_1_5' title='bbox 852 282 1196 350; x_wconf 57' lang='lat' dir='ltr'>mecledonensem</span> <span class='ocrx_word' id='word_1_6' title='bbox 1216 293 1610 353; x_wconf 72' lang='lat' dir='ltr'><strong>PELAG.CAUSACELEB·</strong></span> <span class='ocrx_word' id='word_1_7' title='bbox 1721 297 1778 357; x_wconf 67' lang='lat' dir='ltr'>”b</span> 
     </span>
    </p>
   </div>
   <div class='ocr_carea' id='block_1_2' title="bbox 69 396 1861 3136">
    <p class='ocr_par' dir='ltr' id='par_1_2' title="bbox 69 396 1861 3136">
     <span class='ocr_line' id='line_1_2' title="bbox 149 396 1775 477; baseline 0.007 -24"><span class='ocrx_word' id='word_1_8' title='bbox 149 398 210 453; x_wconf 75' lang='lat' dir='ltr'>bec</span> <span class='ocrx_word' id='word_1_9' title='bbox 223 397 295 454; x_wconf 89' lang='lat' dir='ltr'>euim</span> <span class='ocrx_word' id='word_1_10' title='bbox 311 396 432 466; x_wconf 87' lang='lat' dir='ltr'>pluribus</span> <span class='ocrx_word' id='word_1_11' title='bbox 443 396 520 457; x_wconf 73' lang='lat' dir='ltr'>laec.</span> <span class='ocrx_word' id='word_1_12' title='bbox 534 398 584 453; x_wconf 75' lang='lat' dir='ltr'>ct=i</span> <span class='ocrx_word' id='word_1_13' title='bbox 596 397 674 466; x_wconf 87' lang='lat' dir='ltr'>poulo</span> <span class='ocrx_word' id='word_1_14' title='bbox 686 398 835 461; x_wconf 75' lang='lat' dir='ltr'>obscurius,</span> <span class='ocrx_word' id='word_1_15' title='bbox 850 409 877 453; x_wconf 93' lang='lat' dir='ltr'>nt</span> <span class='ocrx_word' id='word_1_16' title='bbox 890 415 937 466; x_wconf 87' lang='lat' dir='ltr'>par</span> <span class='ocrx_word' id='word_1_17' title='bbox 951 399 1042 472; x_wconf 70' lang='lat' dir='ltr'>Aqua</span> <span class='ocrx_word' id='word_1_18' title='bbox 1052 404 1195 460; x_wconf 70' lang='lat' dir='ltr'>Coele—tius</span> <span class='ocrx_word' id='word_1_19' title='bbox 1208 405 1382 477; x_wconf 71' lang='lat' dir='ltr'>voluptasque</span> <span class='ocrx_word' id='word_1_20' title='bbox 1396 406 1461 462; x_wconf 86' lang='lat' dir='ltr'>Urbi</span> <span class='ocrx_word' id='word_1_21' title='bbox 1476 406 1583 475; x_wconf 81' lang='lat' dir='ltr'>cedere,</span> <span class='ocrx_word' id='word_1_22' title='bbox 1593 420 1687 464; x_wconf 83' lang='lat' dir='ltr'>eontra</span> <span class='ocrx_word' id='word_1_23' title='bbox 1698 422 1775 465; x_wconf 84' lang='lat' dir='ltr'>asse·</span> 
     </span>
     <span class='ocr_line' id='line_1_3' title="bbox 147 469 1777 546; baseline 0.006 -23"><span class='ocrx_word' id='word_1_24' title='bbox 147 477 219 536; x_wconf 84' lang='lat' dir='ltr'>crat,</span> <span class='ocrx_word' id='word_1_25' title='bbox 236 470 417 533; x_wconf 80' lang='lat' dir='ltr'>Augustinus:</span> <span class='ocrx_word' id='word_1_26' title='bbox 434 469 602 525; x_wconf 73' lang='lat' dir='ltr'><strong><em>Audivimus.</em></strong></span> <span class='ocrx_word' id='word_1_27' title='bbox 624 469 707 531; x_wconf 85' lang='lat' dir='ltr'>inqttit</span> <span class='ocrx_word' id='word_1_28' title='bbox 727 470 754 523; x_wconf 91' lang='lat' dir='ltr'>iu</span> <span class='ocrx_word' id='word_1_29' title='bbox 771 472 863 525; x_wconf 78' lang='lat' dir='ltr'>eastern</span> <span class='ocrx_word' id='word_1_30' title='bbox 883 471 940 537; x_wconf 74' lang='lat' dir='ltr'>spii·</span> <span class='ocrx_word' id='word_1_31' title='bbox 988 474 1038 533; x_wconf 82' lang='lat' dir='ltr'>cla</span> <span class='ocrx_word' id='word_1_32' title='bbox 1053 475 1198 529; x_wconf 80' lang='lat' dir='ltr'>retutnost</span> <span class='ocrx_word' id='word_1_33' title='bbox 1212 476 1344 546; x_wconf 86' lang='lat' dir='ltr'>dugntatis</span> <span class='ocrx_word' id='word_1_34' title='bbox 1358 485 1506 533; x_wconf 79' lang='lat' dir='ltr'>assertores</span> <span class='ocrx_word' id='word_1_35' title='bbox 1518 477 1777 533; x_wconf 87' lang='lat' dir='ltr'>convietidamoati·</span> 
     </span>
     <span class='ocr_line' id='line_1_4' title="bbox 146 536 1778 615; baseline 0.007 -23"><span class='ocrx_word' id='word_1_36' title='bbox 146 542 215 592; x_wconf 82' lang='lat' dir='ltr'>stola</span> <span class='ocrx_word' id='word_1_37' title='bbox 227 538 260 593; x_wconf 86' lang='lat' dir='ltr'>nd</span> <span class='ocrx_word' id='word_1_38' title='bbox 272 538 404 595; x_wconf 75' lang='lat' dir='ltr'>Valerium</span> <span class='ocrx_word' id='word_1_39' title='bbox 418 541 554 601; x_wconf 87' lang='lat' dir='ltr'>cantitent,</span> <span class='ocrx_word' id='word_1_40' title='bbox 565 536 714 608; x_wconf 83' lang='lat' dir='ltr'>qaaruatibi</span> <span class='ocrx_word' id='word_1_41' title='bbox 727 554 788 592; x_wconf 80' lang='lat' dir='ltr'>cum</span> <span class='ocrx_word' id='word_1_42' title='bbox 799 541 831 593; x_wconf 87' lang='lat' dir='ltr'>sit</span> <span class='ocrx_word' id='word_1_43' title='bbox 842 557 872 596; x_wconf 90' lang='lat' dir='ltr'>ne</span> <span class='ocrx_word' id='word_1_44' title='bbox 882 541 948 611; x_wconf 66' lang='lat' dir='ltr'>quib</span> <span class='ocrx_word' id='word_1_45' title='bbox 1010 559 1041 600; x_wconf 89' lang='lat' dir='ltr'>ne</span> <span class='ocrx_word' id='word_1_46' title='bbox 1055 547 1088 599; x_wconf 89' lang='lat' dir='ltr'>ad</span> <span class='ocrx_word' id='word_1_47' title='bbox 1103 547 1208 611; x_wconf 76' lang='lat' dir='ltr'>iudices</span> <span class='ocrx_word' id='word_1_48' title='bbox 1222 547 1355 615; x_wconf 84' lang='lat' dir='ltr'>pertrahi,</span> <span class='ocrx_word' id='word_1_49' title='bbox 1371 546 1511 613; x_wconf 72' lang='lat' dir='ltr'>exsiliique</span> <span class='ocrx_word' id='word_1_50' title='bbox 1531 547 1680 611; x_wconf 85' lang='lat' dir='ltr'>irtesorati,</span> <span class='ocrx_word' id='word_1_51' title='bbox 1698 557 1725 602; x_wconf 94' lang='lat' dir='ltr'>ut</span> <span class='ocrx_word' id='word_1_52' title='bbox 1739 548 1778 603; x_wconf 89' lang='lat' dir='ltr'>ait</span> 
     </span>
     <span class='ocr_line' id='line_1_5' title="bbox 146 559 1776 687; baseline 0.006 -25"><span class='ocrx_word' id='word_1_53' title='bbox 146 607 283 663; x_wconf 71' lang='lat' dir='ltr'>insidietur</span> <span class='ocrx_word' id='word_1_54' title='bbox 296 612 412 663; x_wconf 83' lang='lat' dir='ltr'>trtembris</span> <span class='ocrx_word' id='word_1_55' title='bbox 428 609 523 663; x_wconf 82' lang='lat' dir='ltr'>Citristi</span> <span class='ocrx_word' id='word_1_56' title='bbox 539 616 672 672; x_wconf 84' lang='lat' dir='ltr'>coopertus</span> <span class='ocrx_word' id='word_1_57' title='bbox 689 607 812 665; x_wconf 86' lang='lat' dir='ltr'>ueianrine</span> <span class='ocrx_word' id='word_1_58' title='bbox 830 611 939 670; x_wconf 85' lang='lat' dir='ltr'>nontiair</span> <span class='ocrx_word' id='word_1_59' title='bbox 988 559 1139 685; x_wconf 66' lang='lat' dir='ltr'>inpastus,</span> <span class='ocrx_word' id='word_1_60' title='bbox 1158 615 1343 684; x_wconf 67' lang='lat' dir='ltr'>deportatione</span> <span class='ocrx_word' id='word_1_61' title='bbox 1362 617 1448 683; x_wconf 84' lang='lat' dir='ltr'>partiri</span> <span class='ocrx_word' id='word_1_62' title='bbox 1462 616 1528 685; x_wconf 83' lang='lat' dir='ltr'>jussi</span> <span class='ocrx_word' id='word_1_63' title='bbox 1549 626 1620 672; x_wconf 85' lang='lat' dir='ltr'>suar.</span> <span class='ocrx_word' id='word_1_64' title='bbox 1637 619 1724 687; x_wconf 75' lang='lat' dir='ltr'>Atque</span> <span class='ocrx_word' id='word_1_65' title='bbox 1739 617 1776 671; x_wconf 92' lang='lat' dir='ltr'>ila</span> 
     </span>
     <span class='ocr_line' id='line_1_6' title="bbox 145 678 1779 754; baseline 0.005 -21"><span class='ocrx_word' id='word_1_66' title='bbox 145 679 260 747; x_wconf 73' lang='lat' dir='ltr'>cantro,</span> <span class='ocrx_word' id='word_1_67' title='bbox 275 680 327 734; x_wconf 85' lang='lat' dir='ltr'>siue</span> <span class='ocrx_word' id='word_1_68' title='bbox 341 682 367 732; x_wconf 88' lang='lat' dir='ltr'>itt</span> <span class='ocrx_word' id='word_1_69' title='bbox 379 678 557 734; x_wconf 75' lang='lat' dir='ltr'>recordamini</span> <span class='ocrx_word' id='word_1_70' title='bbox 572 680 701 740; x_wconf 87' lang='lat' dir='ltr'>iniruicis,·</span> <span class='ocrx_word' id='word_1_71' title='bbox 717 695 842 748; x_wconf 86' lang='lat' dir='ltr'>qtrantqrte</span> <span class='ocrx_word' id='word_1_72' title='bbox 853 682 887 735; x_wconf 88' lang='lat' dir='ltr'>st&#39;s</span> <span class='ocrx_word' id='word_1_73' title='bbox 898 698 940 736; x_wconf 91' lang='lat' dir='ltr'>eo·</span> <span class='ocrx_word' id='word_1_74' title='bbox 987 682 1187 753; x_wconf 86' lang='lat' dir='ltr'>imperatorium</span> <span class='ocrx_word' id='word_1_75' title='bbox 1200 686 1326 749; x_wconf 80' lang='lat' dir='ltr'>edictum,</span> <span class='ocrx_word' id='word_1_76' title='bbox 1341 702 1396 754; x_wconf 89' lang='lat' dir='ltr'>qno</span> <span class='ocrx_word' id='word_1_77' title='bbox 1411 685 1560 741; x_wconf 72' lang='lat' dir='ltr'>innascentii</span> <span class='ocrx_word' id='word_1_78' title='bbox 1573 685 1626 744; x_wconf 85' lang='lat' dir='ltr'>PP.</span> <span class='ocrx_word' id='word_1_79' title='bbox 1638 687 1779 742; x_wconf 75' lang='lat' dir='ltr'>Africano·</span> 
     </span>
     <span class='ocr_line' id='line_1_7' title="bbox 146 749 1779 824; baseline 0.007 -24"><span class='ocrx_word' id='word_1_80' title='bbox 146 750 265 803; x_wconf 79' lang='lat' dir='ltr'>canadam</span> <span class='ocrx_word' id='word_1_81' title='bbox 283 750 442 805; x_wconf 88' lang='lat' dir='ltr'>inimicorum</span> <span class='ocrx_word' id='word_1_82' title='bbox 463 749 583 817; x_wconf 85' lang='lat' dir='ltr'>prouidus</span> <span class='ocrx_word' id='word_1_83' title='bbox 604 749 684 802; x_wconf 85' lang='lat' dir='ltr'>saluti</span> <span class='ocrx_word' id='word_1_84' title='bbox 695 789 702 809; x_wconf 84' lang='lat'>,</span> <span class='ocrx_word' id='word_1_85' title='bbox 722 749 829 818; x_wconf 72' lang='lat' dir='ltr'>inieras</span> <span class='ocrx_word' id='word_1_86' title='bbox 847 753 938 809; x_wconf 86' lang='lat' dir='ltr'>errori.</span> <span class='ocrx_word' id='word_1_87' title='bbox 991 764 1104 817; x_wconf 88' lang='lat' dir='ltr'>rumque</span> <span class='ocrx_word' id='word_1_88' title='bbox 1115 750 1223 820; x_wconf 84' lang='lat' dir='ltr'>judiciis</span> <span class='ocrx_word' id='word_1_89' title='bbox 1236 767 1283 808; x_wconf 88' lang='lat' dir='ltr'>sus</span> <span class='ocrx_word' id='word_1_90' title='bbox 1301 755 1412 807; x_wconf 88' lang='lat' dir='ltr'>llrroitas</span> <span class='ocrx_word' id='word_1_91' title='bbox 1430 752 1628 820; x_wconf 77' lang='lat' dir='ltr'>uindicabatur,</span> <span class='ocrx_word' id='word_1_92' title='bbox 1650 756 1779 824; x_wconf 78' lang='lat' dir='ltr'>qtrserenlt</span> 
     </span>
     <span class='ocr_line' id='line_1_8' title="bbox 150 817 1780 892; baseline 0.004 -19"><span class='ocrx_word' id='word_1_93' title='bbox 150 817 214 874; x_wconf 83' lang='lat' dir='ltr'>liter</span> <span class='ocrx_word' id='word_1_94' title='bbox 229 828 303 890; x_wconf 88' lang='lat' dir='ltr'>atquc</span> <span class='ocrx_word' id='word_1_95' title='bbox 323 819 488 892; x_wconf 72' lang='lat' dir='ltr'>injucundi,</span> <span class='ocrx_word' id='word_1_96' title='bbox 502 827 527 873; x_wconf 84' lang='grc' dir='ltr'>ιιι</span> <span class='ocrx_word' id='word_1_97' title='bbox 542 820 613 875; x_wconf 82' lang='lat' dir='ltr'>diei.</span> <span class='ocrx_word' id='word_1_98' title='bbox 626 828 650 874; x_wconf 85' lang='lat' dir='ltr'>et</span> <span class='ocrx_word' id='word_1_99' title='bbox 664 820 695 872; x_wconf 90' lang='lat' dir='ltr'>ab</span> <span class='ocrx_word' id='word_1_100' title='bbox 705 818 763 874; x_wconf 88' lang='lat' dir='ltr'>aliis</span> <span class='ocrx_word' id='word_1_101' title='bbox 773 820 883 875; x_wconf 81' lang='lat' dir='ltr'>solentes</span> <span class='ocrx_word' id='word_1_102' title='bbox 893 838 940 877; x_wconf 87' lang='lat' dir='ltr'>aa·</span> <span class='ocrx_word' id='word_1_103' title='bbox 990 824 1150 876; x_wconf 81' lang='lat' dir='ltr'>setrteutiatu</span> <span class='ocrx_word' id='word_1_104' title='bbox 1173 821 1287 885; x_wconf 86' lang='lat' dir='ltr'>Zosimi,</span> <span class='ocrx_word' id='word_1_105' title='bbox 1304 837 1355 892; x_wconf 87' lang='lat' dir='ltr'>qna</span> <span class='ocrx_word' id='word_1_106' title='bbox 1369 822 1407 891; x_wconf 81' lang='lat' dir='ltr'>(a)</span> <span class='ocrx_word' id='word_1_107' title='bbox 1420 822 1545 879; x_wconf 76' lang='lat' dir='ltr'>celestio</span> <span class='ocrx_word' id='word_1_108' title='bbox 1556 828 1627 880; x_wconf 84' lang='lat' dir='ltr'>ltreui</span> <span class='ocrx_word' id='word_1_109' title='bbox 1642 825 1780 891; x_wconf 79' lang='lat' dir='ltr'>indulgen-</span> 
     </span>
     <span class='ocr_line' id='line_1_9' title="bbox 144 888 1779 964; baseline 0.006 -23"><span class='ocrx_word' id='word_1_110' title='bbox 144 890 220 951; x_wconf 75' lang='lat' dir='ltr'>dire:</span> <span class='ocrx_word' id='word_1_111' title='bbox 242 890 286 944; x_wconf 82' lang='lat' dir='ltr'>sed</span> <span class='ocrx_word' id='word_1_112' title='bbox 304 906 374 943; x_wconf 83' lang='lat' dir='ltr'>nette</span> <span class='ocrx_word' id='word_1_113' title='bbox 392 906 420 944; x_wconf 86' lang='lat' dir='ltr'>etr</span> <span class='ocrx_word' id='word_1_114' title='bbox 440 906 485 961; x_wconf 87' lang='lat' dir='ltr'>per</span> <span class='ocrx_word' id='word_1_115' title='bbox 504 890 678 958; x_wconf 85' lang='lat' dir='ltr'>sttpradielttnt</span> <span class='ocrx_word' id='word_1_116' title='bbox 697 889 800 961; x_wconf 53' lang='lat' dir='ltr'>[rastrum</span> <span class='ocrx_word' id='word_1_117' title='bbox 822 890 896 961; x_wconf 85' lang='lat' dir='ltr'>piata</span> <span class='ocrx_word' id='word_1_118' title='bbox 914 902 939 947; x_wconf 92' lang='lat' dir='ltr'>et</span> <span class='ocrx_word' id='word_1_119' title='bbox 990 888 1054 942; x_wconf 86' lang='lat' dir='ltr'>dunt</span> <span class='ocrx_word' id='word_1_120' title='bbox 1070 892 1222 959; x_wconf 87' lang='lat' dir='ltr'>litttebatur,</span> <span class='ocrx_word' id='word_1_121' title='bbox 1238 907 1298 946; x_wconf 87' lang='lat' dir='ltr'>cum</span> <span class='ocrx_word' id='word_1_122' title='bbox 1307 894 1361 960; x_wconf 80' lang='lat' dir='ltr'>jans</span> <span class='ocrx_word' id='word_1_123' title='bbox 1374 894 1477 950; x_wconf 82' lang='lat' dir='ltr'>duabus</span> <span class='ocrx_word' id='word_1_124' title='bbox 1491 895 1590 951; x_wconf 82' lang='lat' dir='ltr'>Zosimi</span> <span class='ocrx_word' id='word_1_125' title='bbox 1605 896 1700 952; x_wconf 82' lang='lat' dir='ltr'>litteris</span> <span class='ocrx_word' id='word_1_126' title='bbox 1712 911 1779 964; x_wconf 82' lang='lat' dir='ltr'>pene</span> 
     </span>
     <span class='ocr_line' id='line_1_10' title="bbox 144 958 1224 1025; baseline 0.004 -14"><span class='ocrx_word' id='word_1_127' title='bbox 144 962 279 1012; x_wconf 72' lang='lat' dir='ltr'>testatiora</span> <span class='ocrx_word' id='word_1_128' title='bbox 296 961 465 1025; x_wconf 68' lang='lat' dir='ltr'>capitationis.</span> <span class='ocrx_word' id='word_1_129' title='bbox 487 960 535 1025; x_wconf 76' lang='lat' dir='ltr'>Oui</span> <span class='ocrx_word' id='word_1_130' title='bbox 551 960 603 1015; x_wconf 86' lang='lat' dir='ltr'>sint</span> <span class='ocrx_word' id='word_1_131' title='bbox 624 959 660 1013; x_wconf 83' lang='lat' dir='ltr'>llll</span> <span class='ocrx_word' id='word_1_132' title='bbox 678 962 828 1014; x_wconf 70' lang='lat' dir='ltr'>recentiores</span> <span class='ocrx_word' id='word_1_133' title='bbox 842 961 939 1017; x_wconf 87' lang='lat' dir='ltr'>iaintici</span> <span class='ocrx_word' id='word_1_134' title='bbox 990 958 1128 1014; x_wconf 86' lang='lat' dir='ltr'>absolutus</span> <span class='ocrx_word' id='word_1_135' title='bbox 1142 970 1224 1015; x_wconf 67' lang='lat' dir='ltr'>essct.</span> 
     </span>
     <span class='ocr_line' id='line_1_11' title="bbox 144 1026 1780 1099; baseline 0.006 -17"><span class='ocrx_word' id='word_1_136' title='bbox 144 1026 246 1082; x_wconf 67' lang='lat' dir='ltr'>carseo</span> <span class='ocrx_word' id='word_1_137' title='bbox 261 1046 340 1084; x_wconf 85' lang='lat' dir='ltr'>octno</span> <span class='ocrx_word' id='word_1_138' title='bbox 358 1045 410 1085; x_wconf 71' lang='lat' dir='ltr'>nou</span> <span class='ocrx_word' id='word_1_139' title='bbox 431 1029 524 1084; x_wconf 87' lang='lat' dir='ltr'>videt:</span> <span class='ocrx_word' id='word_1_140' title='bbox 541 1030 675 1098; x_wconf 85' lang='lat' dir='ltr'>Pelagiani</span> <span class='ocrx_word' id='word_1_141' title='bbox 689 1029 759 1084; x_wconf 91' lang='lat' dir='ltr'>enirn</span> <span class='ocrx_word' id='word_1_142' title='bbox 772 1040 832 1085; x_wconf 85' lang='lat' dir='ltr'>sunt</span> <span class='ocrx_word' id='word_1_143' title='bbox 846 1031 940 1098; x_wconf 87' lang='lat' dir='ltr'>procui</span> <span class='ocrx_word' id='word_1_144' title='bbox 1027 1028 1084 1084; x_wconf 84' lang='lat' dir='ltr'>lloc</span> <span class='ocrx_word' id='word_1_145' title='bbox 1098 1030 1126 1084; x_wconf 84' lang='lat' dir='ltr'>S.</span> <span class='ocrx_word' id='word_1_146' title='bbox 1142 1030 1305 1099; x_wconf 70' lang='lat' dir='ltr'>erignanus</span> <span class='ocrx_word' id='word_1_147' title='bbox 1322 1048 1375 1087; x_wconf 89' lang='lat' dir='ltr'>non</span> <span class='ocrx_word' id='word_1_148' title='bbox 1386 1032 1525 1099; x_wconf 84' lang='lat' dir='ltr'>diiiitetur,</span> <span class='ocrx_word' id='word_1_149' title='bbox 1540 1035 1622 1090; x_wconf 90' lang='lat' dir='ltr'>immo</span> <span class='ocrx_word' id='word_1_150' title='bbox 1636 1051 1700 1091; x_wconf 88' lang='lat' dir='ltr'>vero</span> <span class='ocrx_word' id='word_1_151' title='bbox 1715 1050 1780 1092; x_wconf 86' lang='lat' dir='ltr'>con·</span> 
     </span>
     <span class='ocr_line' id='line_1_12' title="bbox 143 1097 1777 1175; baseline 0.006 -24"><span class='ocrx_word' id='word_1_152' title='bbox 143 1098 239 1153; x_wconf 89' lang='lat' dir='ltr'>dubio.</span> <span class='ocrx_word' id='word_1_153' title='bbox 254 1099 306 1153; x_wconf 88' lang='lat' dir='ltr'>Sed</span> <span class='ocrx_word' id='word_1_154' title='bbox 322 1101 427 1169; x_wconf 89' lang='lat' dir='ltr'>quando</span> <span class='ocrx_word' id='word_1_155' title='bbox 439 1111 467 1154; x_wconf 91' lang='lat' dir='ltr'>et</span> <span class='ocrx_word' id='word_1_156' title='bbox 482 1100 616 1167; x_wconf 87' lang='lat' dir='ltr'>quomodo</span> <span class='ocrx_word' id='word_1_157' title='bbox 630 1114 722 1154; x_wconf 88' lang='lat' dir='ltr'>corum</span> <span class='ocrx_word' id='word_1_158' title='bbox 737 1114 766 1153; x_wconf 83' lang='lat' dir='ltr'>sc.</span> <span class='ocrx_word' id='word_1_159' title='bbox 781 1098 859 1153; x_wconf 84' lang='lat' dir='ltr'>saluti</span> <span class='ocrx_word' id='word_1_160' title='bbox 879 1118 940 1168; x_wconf 91' lang='lat' dir='ltr'>pro·</span> <span class='ocrx_word' id='word_1_161' title='bbox 992 1097 1082 1152; x_wconf 81' lang='lat' dir='ltr'>ittetur</span> <span class='ocrx_word' id='word_1_162' title='bbox 1100 1101 1258 1157; x_wconf 88' lang='lat' dir='ltr'>clarissime.</span> <span class='ocrx_word' id='word_1_163' title='bbox 1272 1104 1458 1171; x_wconf 73' lang='lat' dir='ltr'>Superioribu-</span> <span class='ocrx_word' id='word_1_164' title='bbox 1469 1108 1540 1160; x_wconf 91' lang='lat' dir='ltr'>enirn</span> <span class='ocrx_word' id='word_1_165' title='bbox 1553 1108 1716 1175; x_wconf 84' lang='lat' dir='ltr'>respondens</span> <span class='ocrx_word' id='word_1_166' title='bbox 1729 1106 1777 1162; x_wconf 83' lang='lat' dir='ltr'>iu·</span> 
     </span>
     <span class='ocr_line' id='line_1_13' title="bbox 144 1167 1778 1240; baseline 0.003 -15"><span class='ocrx_word' id='word_1_167' title='bbox 144 1170 245 1234; x_wconf 78' lang='lat' dir='ltr'>sidant,</span> <span class='ocrx_word' id='word_1_168' title='bbox 257 1169 377 1236; x_wconf 73' lang='lat' dir='ltr'>iniectum</span> <span class='ocrx_word' id='word_1_169' title='bbox 392 1171 472 1223; x_wconf 84' lang='lat' dir='ltr'>errori</span> <span class='ocrx_word' id='word_1_170' title='bbox 488 1169 665 1236; x_wconf 72' lang='lat' dir='ltr'>ostenderat,</span> <span class='ocrx_word' id='word_1_171' title='bbox 681 1169 731 1223; x_wconf 83' lang='lat' dir='ltr'>nisi</span> <span class='ocrx_word' id='word_1_172' title='bbox 746 1186 792 1237; x_wconf 89' lang='lat' dir='ltr'>pro</span> <span class='ocrx_word' id='word_1_173' title='bbox 806 1184 853 1223; x_wconf 87' lang='lat' dir='ltr'>atta</span> <span class='ocrx_word' id='word_1_174' title='bbox 869 1171 938 1237; x_wconf 89' lang='lat' dir='ltr'>apud</span> <span class='ocrx_word' id='word_1_175' title='bbox 991 1167 1054 1222; x_wconf 88' lang='lat' dir='ltr'>barti</span> <span class='ocrx_word' id='word_1_176' title='bbox 1070 1171 1168 1232; x_wconf 83' lang='lat' dir='ltr'>serbis,</span> <span class='ocrx_word' id='word_1_177' title='bbox 1188 1172 1285 1240; x_wconf 86' lang='lat' dir='ltr'>quibus</span> <span class='ocrx_word' id='word_1_178' title='bbox 1298 1172 1367 1227; x_wconf 87' lang='lat' dir='ltr'>idern</span> <span class='ocrx_word' id='word_1_179' title='bbox 1379 1175 1517 1231; x_wconf 78' lang='lat' dir='ltr'>adotdernr</span> <span class='ocrx_word' id='word_1_180' title='bbox 1531 1176 1596 1230; x_wconf 89' lang='lat' dir='ltr'>satis</span> <span class='ocrx_word' id='word_1_181' title='bbox 1610 1192 1644 1230; x_wconf 83' lang='lat' dir='ltr'>ex</span> <span class='ocrx_word' id='word_1_182' title='bbox 1654 1176 1778 1232; x_wconf 78' lang='lat' dir='ltr'>laudibus</span> 
     </span>
     <span class='ocr_line' id='line_1_14' title="bbox 144 1237 1780 1315; baseline 0.006 -21"><span class='ocrx_word' id='word_1_183' title='bbox 144 1238 295 1294; x_wconf 82' lang='lat' dir='ltr'>ibonoritmt</span> <span class='ocrx_word' id='word_1_184' title='bbox 308 1239 391 1309; x_wconf 87' lang='lat' dir='ltr'>gratia</span> <span class='ocrx_word' id='word_1_185' title='bbox 406 1239 521 1295; x_wconf 91' lang='lat' dir='ltr'>edictum</span> <span class='ocrx_word' id='word_1_186' title='bbox 537 1240 679 1303; x_wconf 90' lang='lat' dir='ltr'>eliciendo,</span> <span class='ocrx_word' id='word_1_187' title='bbox 695 1254 747 1307; x_wconf 88' lang='lat' dir='ltr'>quo</span> <span class='ocrx_word' id='word_1_188' title='bbox 761 1239 811 1294; x_wconf 88' lang='lat' dir='ltr'>nisi</span> <span class='ocrx_word' id='word_1_189' title='bbox 824 1240 938 1294; x_wconf 81' lang='lat' dir='ltr'>sacrltc.</span> <span class='ocrx_word' id='word_1_190' title='bbox 990 1237 1098 1291; x_wconf 81' lang='lat' dir='ltr'>Valerio</span> <span class='ocrx_word' id='word_1_191' title='bbox 1111 1239 1179 1294; x_wconf 88' lang='lat' dir='ltr'>datis</span> <span class='ocrx_word' id='word_1_192' title='bbox 1193 1241 1298 1295; x_wconf 87' lang='lat' dir='ltr'>ostendi</span> <span class='ocrx_word' id='word_1_193' title='bbox 1311 1244 1373 1312; x_wconf 78' lang='lat' dir='ltr'>quirl</span> <span class='ocrx_word' id='word_1_194' title='bbox 1391 1256 1499 1311; x_wconf 89' lang='lat' dir='ltr'>cuperet</span> <span class='ocrx_word' id='word_1_195' title='bbox 1515 1246 1694 1315; x_wconf 74' lang='lat' dir='ltr'>Augustinus,</span> <span class='ocrx_word' id='word_1_196' title='bbox 1708 1248 1780 1303; x_wconf 87' lang='lat' dir='ltr'>scili·</span> 
     </span>
     <span class='ocr_line' id='line_1_15' title="bbox 144 1307 1780 1384; baseline 0.006 -22"><span class='ocrx_word' id='word_1_197' title='bbox 144 1325 210 1379; x_wconf 89' lang='lat' dir='ltr'>gum</span> <span class='ocrx_word' id='word_1_198' title='bbox 227 1310 322 1381; x_wconf 88' lang='lat' dir='ltr'>dogma</span> <span class='ocrx_word' id='word_1_199' title='bbox 334 1309 416 1382; x_wconf 81' lang='grc'>817</span> <span class='ocrx_word' id='word_1_200' title='bbox 429 1309 566 1379; x_wconf 79' lang='lat' dir='ltr'>eiurarent</span> <span class='ocrx_word' id='word_1_201' title='bbox 579 1307 628 1376; x_wconf 90' lang='lat' dir='ltr'>illi,</span> <span class='ocrx_word' id='word_1_202' title='bbox 642 1318 669 1365; x_wconf 93' lang='lat' dir='ltr'>et</span> <span class='ocrx_word' id='word_1_203' title='bbox 680 1309 846 1381; x_wconf 78' lang='lat' dir='ltr'>pellebantur</span> <span class='ocrx_word' id='word_1_204' title='bbox 856 1310 938 1376; x_wconf 88' lang='lat' dir='ltr'>Urbe,</span> <span class='ocrx_word' id='word_1_205' title='bbox 989 1318 1028 1362; x_wconf 89' lang='lat' dir='ltr'>ret</span> <span class='ocrx_word' id='word_1_206' title='bbox 1040 1316 1069 1361; x_wconf 89' lang='lat' dir='ltr'>stt</span> <span class='ocrx_word' id='word_1_207' title='bbox 1088 1319 1176 1363; x_wconf 89' lang='lat' dir='ltr'>contra</span> <span class='ocrx_word' id='word_1_208' title='bbox 1198 1311 1340 1377; x_wconf 76' lang='lat' dir='ltr'>carinncm,</span> <span class='ocrx_word' id='word_1_209' title='bbox 1358 1326 1446 1367; x_wconf 86' lang='lat' dir='ltr'>contra</span> <span class='ocrx_word' id='word_1_210' title='bbox 1459 1314 1547 1384; x_wconf 74' lang='lat' dir='ltr'>pidem,</span> <span class='ocrx_word' id='word_1_211' title='bbox 1567 1324 1656 1370; x_wconf 87' lang='lat' dir='ltr'>contra</span> <span class='ocrx_word' id='word_1_212' title='bbox 1679 1333 1780 1372; x_wconf 86' lang='lat' dir='ltr'>omnent</span> 
     </span>
     <span class='ocr_line' id='line_1_16' title="bbox 143 1379 1780 1456; baseline 0.004 -22"><span class='ocrx_word' id='word_1_213' title='bbox 143 1389 171 1434; x_wconf 91' lang='lat' dir='ltr'>et</span> <span class='ocrx_word' id='word_1_214' title='bbox 183 1382 271 1448; x_wconf 87' lang='lat' dir='ltr'>poettis</span> <span class='ocrx_word' id='word_1_215' title='bbox 283 1380 342 1435; x_wconf 88' lang='lat' dir='ltr'>abis</span> <span class='ocrx_word' id='word_1_216' title='bbox 354 1379 582 1451; x_wconf 70' lang='lat' dir='ltr'>subjiciebantur?</span> <span class='ocrx_word' id='word_1_217' title='bbox 597 1381 659 1435; x_wconf 78' lang='lat' dir='ltr'>bime</span> <span class='ocrx_word' id='word_1_218' title='bbox 668 1387 731 1434; x_wconf 85' lang='lat' dir='ltr'>strat</span> <span class='ocrx_word' id='word_1_219' title='bbox 741 1381 869 1435; x_wconf 70' lang='lat' dir='ltr'>testatiora</span> <span class='ocrx_word' id='word_1_220' title='bbox 879 1396 938 1449; x_wconf 80' lang='lat' dir='ltr'>quar</span> <span class='ocrx_word' id='word_1_221' title='bbox 990 1394 1090 1433; x_wconf 85' lang='lat' dir='ltr'>morrtrn</span> <span class='ocrx_word' id='word_1_222' title='bbox 1103 1389 1126 1434; x_wconf 89' lang='lat' dir='ltr'>et</span> <span class='ocrx_word' id='word_1_223' title='bbox 1137 1382 1282 1451; x_wconf 82' lang='lat' dir='ltr'>deputatam</span> <span class='ocrx_word' id='word_1_224' title='bbox 1294 1385 1463 1447; x_wconf 70' lang='lat' dir='ltr'>sanctitatem.</span> <span class='ocrx_word' id='word_1_225' title='bbox 1475 1388 1498 1437; x_wconf 88' lang='lat' dir='ltr'>ol</span> <span class='ocrx_word' id='word_1_226' title='bbox 1510 1386 1564 1453; x_wconf 71' lang='lat' dir='ltr'>{era</span> <span class='ocrx_word' id='word_1_227' title='bbox 1578 1395 1602 1439; x_wconf 93' lang='lat' dir='ltr'>et</span> <span class='ocrx_word' id='word_1_228' title='bbox 1616 1402 1683 1440; x_wconf 87' lang='lat' dir='ltr'>caeca</span> <span class='ocrx_word' id='word_1_229' title='bbox 1694 1388 1780 1456; x_wconf 86' lang='lat' dir='ltr'>impo-</span> 
     </span>
     <span class='ocr_line' id='line_1_17' title="bbox 144 1446 1780 1527; baseline 0.004 -23"><span class='ocrx_word' id='word_1_230' title='bbox 144 1459 203 1504; x_wconf 89' lang='lat' dir='ltr'>tunt</span> <span class='ocrx_word' id='word_1_231' title='bbox 218 1452 343 1518; x_wconf 81' lang='lat' dir='ltr'>cognorit</span> <span class='ocrx_word' id='word_1_232' title='bbox 360 1449 394 1505; x_wconf 90' lang='lat' dir='ltr'>de</span> <span class='ocrx_word' id='word_1_233' title='bbox 414 1448 518 1504; x_wconf 77' lang='lat' dir='ltr'>Valerio</span> <span class='ocrx_word' id='word_1_234' title='bbox 533 1450 696 1520; x_wconf 75' lang='lat' dir='ltr'>Augustinus</span> <span class='ocrx_word' id='word_1_235' title='bbox 711 1465 720 1505; x_wconf 80' lang='lat' dir='ltr'>r</span> <span class='ocrx_word' id='word_1_236' title='bbox 737 1460 799 1504; x_wconf 86' lang='lat' dir='ltr'>ante</span> <span class='ocrx_word' id='word_1_237' title='bbox 820 1446 937 1507; x_wconf 87' lang='lat' dir='ltr'>edietum</span> <span class='ocrx_word' id='word_1_238' title='bbox 990 1451 1069 1503; x_wconf 78' lang='lat' dir='ltr'>tcntia</span> <span class='ocrx_word' id='word_1_239' title='bbox 1079 1451 1254 1517; x_wconf 86' lang='lat' dir='ltr'>dimicaretur,</span> <span class='ocrx_word' id='word_1_240' title='bbox 1275 1451 1311 1506; x_wconf 88' lang='lat' dir='ltr'>its</span> <span class='ocrx_word' id='word_1_241' title='bbox 1326 1452 1582 1518; x_wconf 81' lang='lat' dir='ltr'>satislcritiuliano,</span> <span class='ocrx_word' id='word_1_242' title='bbox 1598 1465 1689 1510; x_wconf 90' lang='lat' dir='ltr'>utnon</span> <span class='ocrx_word' id='word_1_243' title='bbox 1701 1469 1780 1527; x_wconf 88' lang='lat' dir='ltr'>neget</span> 
     </span>
     <span class='ocr_line' id='line_1_18' title="bbox 144 1518 1780 1592; baseline 0.005 -20"><span class='ocrx_word' id='word_1_244' title='bbox 144 1519 219 1575; x_wconf 87' lang='lat' dir='ltr'>coint</span> <span class='ocrx_word' id='word_1_245' title='bbox 235 1519 311 1583; x_wconf 86' lang='lat' dir='ltr'>iilud,</span> <span class='ocrx_word' id='word_1_246' title='bbox 325 1518 390 1575; x_wconf 91' lang='lat' dir='ltr'>nlbii</span> <span class='ocrx_word' id='word_1_247' title='bbox 402 1534 417 1573; x_wconf 90' lang='lat' dir='ltr'>a</span> <span class='ocrx_word' id='word_1_248' title='bbox 430 1519 557 1577; x_wconf 84' lang='lat' dir='ltr'>comitatu</span> <span class='ocrx_word' id='word_1_249' title='bbox 573 1519 720 1589; x_wconf 84' lang='lat' dir='ltr'>proiectum</span> <span class='ocrx_word' id='word_1_250' title='bbox 734 1529 792 1574; x_wconf 89' lang='lat' dir='ltr'>erat</span> <span class='ocrx_word' id='word_1_251' title='bbox 809 1519 939 1575; x_wconf 81' lang='lat' dir='ltr'>ailrersus</span> <span class='ocrx_word' id='word_1_252' title='bbox 991 1518 1136 1581; x_wconf 75' lang='lat' dir='ltr'>laberium.</span> <span class='ocrx_word' id='word_1_253' title='bbox 1148 1520 1276 1592; x_wconf 83' lang='lat' dir='ltr'>dignitate</span> <span class='ocrx_word' id='word_1_254' title='bbox 1291 1531 1317 1577; x_wconf 87' lang='lat' dir='ltr'>et</span> <span class='ocrx_word' id='word_1_255' title='bbox 1329 1523 1487 1578; x_wconf 87' lang='lat' dir='ltr'>arrctoritate</span> <span class='ocrx_word' id='word_1_256' title='bbox 1498 1538 1586 1591; x_wconf 86' lang='lat' dir='ltr'>nsunt,</span> <span class='ocrx_word' id='word_1_257' title='bbox 1598 1525 1735 1580; x_wconf 88' lang='lat' dir='ltr'>obstitisse</span> <span class='ocrx_word' id='word_1_258' title='bbox 1744 1542 1780 1582; x_wconf 91' lang='lat' dir='ltr'>ne</span> 
     </span>
     <span class='ocr_line' id='line_1_19' title="bbox 145 1587 1779 1672; baseline 0.004 -28"><span class='ocrx_word' id='word_1_259' title='bbox 145 1587 323 1672; x_wconf 81' lang='lat' dir='ltr'>Pelagianos,</span> <span class='ocrx_word' id='word_1_260' title='bbox 339 1590 384 1658; x_wconf 90' lang='lat' dir='ltr'>qui</span> <span class='ocrx_word' id='word_1_261' title='bbox 399 1589 441 1645; x_wconf 83' lang='lat' dir='ltr'>uis</span> <span class='ocrx_word' id='word_1_262' title='bbox 456 1588 569 1644; x_wconf 88' lang='lat' dir='ltr'>initalia</span> <span class='ocrx_word' id='word_1_263' title='bbox 582 1591 753 1649; x_wconf 85' lang='lat' dir='ltr'>innotuerant</span> <span class='ocrx_word' id='word_1_264' title='bbox 765 1589 937 1646; x_wconf 77' lang='lat' dir='ltr'>auteZosimi</span> <span class='ocrx_word' id='word_1_265' title='bbox 990 1589 1107 1643; x_wconf 86' lang='lat' dir='ltr'>esantiui</span> <span class='ocrx_word' id='word_1_266' title='bbox 1126 1591 1199 1646; x_wconf 88' lang='lat' dir='ltr'>luens</span> <span class='ocrx_word' id='word_1_267' title='bbox 1213 1601 1239 1645; x_wconf 91' lang='lat' dir='ltr'>et</span> <span class='ocrx_word' id='word_1_268' title='bbox 1259 1591 1449 1660; x_wconf 74' lang='lat' dir='ltr'>disceptationi</span> <span class='ocrx_word' id='word_1_269' title='bbox 1470 1601 1575 1662; x_wconf 88' lang='lat' dir='ltr'>tempus</span> <span class='ocrx_word' id='word_1_270' title='bbox 1587 1606 1668 1651; x_wconf 87' lang='lat' dir='ltr'>esset.</span> <span class='ocrx_word' id='word_1_271' title='bbox 1681 1595 1779 1651; x_wconf 81' lang='lat' dir='ltr'>Contra</span> 
     </span>
     <span class='ocr_line' id='line_1_20' title="bbox 146 1661 1780 1735; baseline 0.006 -25"><span class='ocrx_word' id='word_1_272' title='bbox 146 1661 344 1728; x_wconf 86' lang='lat' dir='ltr'>pouttbeatunt.</span> <span class='ocrx_word' id='word_1_273' title='bbox 989 1674 1055 1713; x_wconf 87' lang='lat' dir='ltr'>rero</span> <span class='ocrx_word' id='word_1_274' title='bbox 1071 1669 1154 1715; x_wconf 91' lang='lat' dir='ltr'>totum</span> <span class='ocrx_word' id='word_1_275' title='bbox 1169 1661 1221 1715; x_wconf 88' lang='lat' dir='ltr'>boe</span> <span class='ocrx_word' id='word_1_276' title='bbox 1234 1661 1304 1716; x_wconf 89' lang='lat' dir='ltr'>ultro</span> <span class='ocrx_word' id='word_1_277' title='bbox 1318 1665 1440 1719; x_wconf 86' lang='lat' dir='ltr'>concedit</span> <span class='ocrx_word' id='word_1_278' title='bbox 1454 1681 1461 1716; x_wconf 76' lang='grc' dir='ltr'>ε</span> <span class='ocrx_word' id='word_1_279' title='bbox 1474 1664 1539 1719; x_wconf 90' lang='lat' dir='ltr'>nibil</span> <span class='ocrx_word' id='word_1_280' title='bbox 1555 1665 1581 1719; x_wconf 93' lang='lat' dir='ltr'>in</span> <span class='ocrx_word' id='word_1_281' title='bbox 1591 1679 1624 1721; x_wconf 89' lang='lat' dir='ltr'>eo</span> <span class='ocrx_word' id='word_1_282' title='bbox 1639 1675 1780 1735; x_wconf 88' lang='lat' dir='ltr'>peceatum</span> 
     </span>
     <span class='ocr_line' id='line_1_21' title="bbox 182 1729 1780 1825; baseline 0.003 -40"><span class='ocrx_word' id='word_1_283' title='bbox 182 1729 238 1785; x_wconf 85' lang='lat' dir='ltr'>Sed</span> <span class='ocrx_word' id='word_1_284' title='bbox 264 1731 361 1786; x_wconf 83' lang='lat' dir='ltr'>clarius</span> <span class='ocrx_word' id='word_1_285' title='bbox 381 1729 469 1791; x_wconf 84' lang='lat' dir='ltr'>aditae</span> <span class='ocrx_word' id='word_1_286' title='bbox 490 1729 652 1803; x_wconf 72' lang='lat' dir='ltr'>Augustinus</span> <span class='ocrx_word' id='word_1_287' title='bbox 670 1730 697 1786; x_wconf 91' lang='lat' dir='ltr'>io</span> <span class='ocrx_word' id='word_1_288' title='bbox 723 1729 782 1802; x_wconf 89' lang='lat' dir='ltr'>ipso</span> <span class='ocrx_word' id='word_1_289' title='bbox 797 1729 886 1786; x_wconf 87' lang='lat' dir='ltr'>libros</span> <span class='ocrx_word' id='word_1_290' title='bbox 902 1730 936 1787; x_wconf 88' lang='lat' dir='ltr'>de</span> <span class='ocrx_word' id='word_1_291' title='bbox 953 1766 974 1825; x_wconf 67' lang='lat' dir='ltr'>B</span> <span class='ocrx_word' id='word_1_292' title='bbox 990 1732 1025 1783; x_wconf 89' lang='lat' dir='ltr'>ab</span> <span class='ocrx_word' id='word_1_293' title='bbox 1035 1732 1195 1799; x_wconf 84' lang='lat' dir='ltr'>imperatore</span> <span class='ocrx_word' id='word_1_294' title='bbox 1205 1741 1296 1787; x_wconf 88' lang='lat' dir='ltr'>contra</span> <span class='ocrx_word' id='word_1_295' title='bbox 1311 1731 1400 1796; x_wconf 86' lang='lat' dir='ltr'>tidem,</span> <span class='ocrx_word' id='word_1_296' title='bbox 1415 1734 1463 1788; x_wconf 89' lang='lat' dir='ltr'>sed</span> <span class='ocrx_word' id='word_1_297' title='bbox 1479 1734 1566 1802; x_wconf 91' lang='lat' dir='ltr'>potius</span> <span class='ocrx_word' id='word_1_298' title='bbox 1579 1749 1627 1804; x_wconf 92' lang='lat' dir='ltr'>pro</span> <span class='ocrx_word' id='word_1_299' title='bbox 1641 1734 1694 1790; x_wconf 91' lang='lat' dir='ltr'>lide</span> <span class='ocrx_word' id='word_1_300' title='bbox 1706 1744 1780 1790; x_wconf 82' lang='lat' dir='ltr'>etex</span> 
     </span>
     <span class='ocr_line' id='line_1_22' title="bbox 145 1799 1779 1875; baseline 0.002 -20"><span class='ocrx_word' id='word_1_301' title='bbox 145 1799 253 1867; x_wconf 81' lang='lat' dir='ltr'>Nuptiis</span> <span class='ocrx_word' id='word_1_302' title='bbox 267 1808 295 1856; x_wconf 84' lang='lat' dir='ltr'>et</span> <span class='ocrx_word' id='word_1_303' title='bbox 307 1799 543 1871; x_wconf 80' lang='lat' dir='ltr'>Cottcupiscentia,</span> <span class='ocrx_word' id='word_1_304' title='bbox 558 1817 617 1871; x_wconf 84' lang='lat' dir='ltr'>esp.</span> <span class='ocrx_word' id='word_1_305' title='bbox 630 1800 659 1866; x_wconf 75' lang='lat'>2,</span> <span class='ocrx_word' id='word_1_306' title='bbox 672 1801 717 1856; x_wconf 90' lang='lat' dir='ltr'>ubi</span> <span class='ocrx_word' id='word_1_307' title='bbox 733 1815 935 1871; x_wconf 78' lang='lat' dir='ltr'>exponensque</span> <span class='ocrx_word' id='word_1_308' title='bbox 991 1799 1043 1854; x_wconf 90' lang='lat' dir='ltr'>lide</span> <span class='ocrx_word' id='word_1_309' title='bbox 1057 1811 1163 1868; x_wconf 92' lang='lat' dir='ltr'>actum,</span> <span class='ocrx_word' id='word_1_310' title='bbox 1177 1811 1201 1856; x_wconf 88' lang='lat' dir='ltr'>el</span> <span class='ocrx_word' id='word_1_311' title='bbox 1218 1804 1407 1857; x_wconf 86' lang='lat' dir='ltr'>coercitionem</span> <span class='ocrx_word' id='word_1_312' title='bbox 1429 1803 1501 1872; x_wconf 82' lang='lat' dir='ltr'>juste</span> <span class='ocrx_word' id='word_1_313' title='bbox 1515 1803 1548 1858; x_wconf 88' lang='lat' dir='ltr'>ab</span> <span class='ocrx_word' id='word_1_314' title='bbox 1562 1820 1596 1860; x_wconf 88' lang='lat' dir='ltr'>eo</span> <span class='ocrx_word' id='word_1_315' title='bbox 1615 1805 1779 1875; x_wconf 83' lang='lat' dir='ltr'>impositam.</span> 
     </span>
     <span class='ocr_line' id='line_1_23' title="bbox 145 1869 1781 1942; baseline 0.004 -18"><span class='ocrx_word' id='word_1_316' title='bbox 145 1869 317 1936; x_wconf 87' lang='lat' dir='ltr'>potissimum</span> <span class='ocrx_word' id='word_1_317' title='bbox 333 1871 367 1928; x_wconf 89' lang='lat' dir='ltr'>de</span> <span class='ocrx_word' id='word_1_318' title='bbox 386 1886 466 1926; x_wconf 82' lang='lat' dir='ltr'>carisa</span> <span class='ocrx_word' id='word_1_319' title='bbox 486 1872 518 1927; x_wconf 88' lang='lat' dir='ltr'>nd</span> <span class='ocrx_word' id='word_1_320' title='bbox 534 1887 594 1927; x_wconf 89' lang='lat' dir='ltr'>euro</span> <span class='ocrx_word' id='word_1_321' title='bbox 607 1870 641 1927; x_wconf 90' lang='lat' dir='ltr'>de</span> <span class='ocrx_word' id='word_1_322' title='bbox 655 1869 743 1927; x_wconf 84' lang='lat' dir='ltr'>boore</span> <span class='ocrx_word' id='word_1_323' title='bbox 756 1871 874 1926; x_wconf 89' lang='lat' dir='ltr'>seribere</span> <span class='ocrx_word' id='word_1_324' title='bbox 889 1887 937 1927; x_wconf 87' lang='lat' dir='ltr'>vo·</span> <span class='ocrx_word' id='word_1_325' title='bbox 989 1871 1192 1941; x_wconf 80' lang='lat' dir='ltr'>Occurrensque</span> <span class='ocrx_word' id='word_1_326' title='bbox 1202 1872 1345 1942; x_wconf 81' lang='lat' dir='ltr'>objectioni</span> <span class='ocrx_word' id='word_1_327' title='bbox 1355 1873 1678 1942; x_wconf 81' lang='lat' dir='ltr'>qnansexonnaustarnu</span> <span class='ocrx_word' id='word_1_328' title='bbox 1689 1888 1781 1930; x_wconf 84' lang='lat' dir='ltr'>esem·</span> 
     </span>
     <span class='ocr_line' id='line_1_24' title="bbox 145 1939 1780 2024; baseline 0.004 -30"><span class='ocrx_word' id='word_1_329' title='bbox 145 1942 362 2005; x_wconf 65' lang='lat' dir='ltr'>laterculorum,</span> <span class='ocrx_word' id='word_1_330' title='bbox 375 1939 556 2024; x_wconf 51' lang='lat' dir='ltr'>inquirerem</span> <span class='ocrx_word' id='word_1_331' title='bbox 570 1941 686 2006; x_wconf 62' lang='lat' dir='ltr'>etanta</span> <span class='ocrx_word' id='word_1_332' title='bbox 699 1941 812 2010; x_wconf 67' lang='lat' dir='ltr'>profanis</span> <span class='ocrx_word' id='word_1_333' title='bbox 822 1942 878 1996; x_wconf 87' lang='lat' dir='ltr'>istis</span> <span class='ocrx_word' id='word_1_334' title='bbox 892 1959 937 1995; x_wconf 90' lang='lat' dir='ltr'>uo·</span> <span class='ocrx_word' id='word_1_335' title='bbox 991 1941 1035 2006; x_wconf 84' lang='lat' dir='ltr'>plo</span> <span class='ocrx_word' id='word_1_336' title='bbox 1046 1942 1087 1994; x_wconf 91' lang='lat' dir='ltr'>rel</span> <span class='ocrx_word' id='word_1_337' title='bbox 1101 1943 1243 2009; x_wconf 87' lang='lat' dir='ltr'>sutncbat,</span> <span class='ocrx_word' id='word_1_338' title='bbox 1259 1942 1300 1996; x_wconf 91' lang='lat' dir='ltr'>rei</span> <span class='ocrx_word' id='word_1_339' title='bbox 1315 1955 1421 1998; x_wconf 84' lang='lat' dir='ltr'>stimere</span> <span class='ocrx_word' id='word_1_340' title='bbox 1436 1943 1690 2010; x_wconf 84' lang='lat' dir='ltr'>poteratiulianus,</span> <span class='ocrx_word' id='word_1_341' title='bbox 1706 1944 1780 2014; x_wconf 86' lang='lat' dir='ltr'>quod</span> 
     </span>
     <span class='ocr_line' id='line_1_25' title="bbox 145 2009 1778 2085; baseline 0.002 -20"><span class='ocrx_word' id='word_1_342' title='bbox 145 2009 277 2080; x_wconf 85' lang='lat' dir='ltr'>nitatibus,</span> <span class='ocrx_word' id='word_1_343' title='bbox 290 2012 380 2082; x_wconf 86' lang='lat' dir='ltr'>quibus</span> <span class='ocrx_word' id='word_1_344' title='bbox 395 2013 435 2066; x_wconf 86' lang='lat' dir='ltr'>bre</span> <span class='ocrx_word' id='word_1_345' title='bbox 447 2011 602 2085; x_wconf 85' lang='lat' dir='ltr'>disputando</span> <span class='ocrx_word' id='word_1_346' title='bbox 613 2011 762 2074; x_wconf 78' lang='lat' dir='ltr'>sederimus,</span> <span class='ocrx_word' id='word_1_347' title='bbox 775 2022 803 2065; x_wconf 90' lang='lat' dir='ltr'>m</span> <span class='ocrx_word' id='word_1_348' title='bbox 816 2018 937 2077; x_wconf 74' lang='lat' dir='ltr'>potestate</span> <span class='ocrx_word' id='word_1_349' title='bbox 990 2009 1113 2065; x_wconf 79' lang='lat' dir='ltr'>riderico</span> <span class='ocrx_word' id='word_1_350' title='bbox 1127 2027 1179 2066; x_wconf 89' lang='lat' dir='ltr'>non</span> <span class='ocrx_word' id='word_1_351' title='bbox 1196 2013 1229 2067; x_wconf 88' lang='lat' dir='ltr'>its</span> <span class='ocrx_word' id='word_1_352' title='bbox 1243 2011 1344 2080; x_wconf 86' lang='lat' dir='ltr'>pridem</span> <span class='ocrx_word' id='word_1_353' title='bbox 1357 2012 1391 2067; x_wconf 89' lang='lat' dir='ltr'>ad</span> <span class='ocrx_word' id='word_1_354' title='bbox 1404 2012 1536 2082; x_wconf 87' lang='lat' dir='ltr'>publicam</span> <span class='ocrx_word' id='word_1_355' title='bbox 1550 2014 1722 2070; x_wconf 88' lang='lat' dir='ltr'>collationem</span> <span class='ocrx_word' id='word_1_356' title='bbox 1733 2014 1778 2069; x_wconf 90' lang='lat' dir='ltr'>io·</span> 
     </span>
     <span class='ocr_line' id='line_1_26' title="bbox 145 2080 1861 2152; baseline 0.004 -19"><span class='ocrx_word' id='word_1_357' title='bbox 145 2082 264 2136; x_wconf 76' lang='lat' dir='ltr'>currendo</span> <span class='ocrx_word' id='word_1_358' title='bbox 289 2091 312 2136; x_wconf 89' lang='lat' dir='ltr'>et</span> <span class='ocrx_word' id='word_1_359' title='bbox 336 2080 457 2136; x_wconf 89' lang='lat' dir='ltr'>instando</span> <span class='ocrx_word' id='word_1_360' title='bbox 483 2082 614 2152; x_wconf 78' lang='lat' dir='ltr'>efficaciter</span> <span class='ocrx_word' id='word_1_361' title='bbox 631 2081 754 2137; x_wconf 87' lang='lat' dir='ltr'>restitisti.</span> <span class='ocrx_word' id='word_1_362' title='bbox 769 2081 836 2145; x_wconf 82' lang='lat' dir='ltr'>Ouid</span> <span class='ocrx_word' id='word_1_363' title='bbox 853 2085 936 2148; x_wconf 81' lang='lat' dir='ltr'>enirn,</span> <span class='ocrx_word' id='word_1_364' title='bbox 989 2080 1065 2135; x_wconf 84' lang='lat' dir='ltr'>rituti</span> <span class='ocrx_word' id='word_1_365' title='bbox 1078 2091 1105 2136; x_wconf 87' lang='lat' dir='ltr'>et</span> <span class='ocrx_word' id='word_1_366' title='bbox 1117 2081 1227 2137; x_wconf 77' lang='lat' dir='ltr'>admissi</span> <span class='ocrx_word' id='word_1_367' title='bbox 1241 2096 1329 2136; x_wconf 78' lang='lat' dir='ltr'>caussa</span> <span class='ocrx_word' id='word_1_368' title='bbox 1350 2097 1405 2137; x_wconf 77' lang='lat' dir='ltr'>attae</span> <span class='ocrx_word' id='word_1_369' title='bbox 1419 2082 1595 2140; x_wconf 72' lang='lat' dir='ltr'>defendenda</span> <span class='ocrx_word' id='word_1_370' title='bbox 1610 2084 1697 2139; x_wconf 88' lang='lat' dir='ltr'>locunt</span> <span class='ocrx_word' id='word_1_371' title='bbox 1712 2091 1782 2138; x_wconf 84' lang='lat' dir='ltr'>tero·</span> <span class='ocrx_word' id='word_1_372' title='bbox 1858 2114 1861 2121; x_wconf 87' lang='lat'>.</span> 
     </span>
     <span class='ocr_line' id='line_1_27' title="bbox 145 2149 1781 2224; baseline 0.001 -18"><span class='ocrx_word' id='word_1_373' title='bbox 145 2152 246 2207; x_wconf 84' lang='lat' dir='ltr'>atrtsbo</span> <span class='ocrx_word' id='word_1_374' title='bbox 257 2162 294 2215; x_wconf 83' lang='lat' dir='ltr'>te,</span> <span class='ocrx_word' id='word_1_375' title='bbox 307 2160 584 2220; x_wconf 87' lang='lat' dir='ltr'>potestateeurarerat</span> <span class='ocrx_word' id='word_1_376' title='bbox 599 2151 729 2218; x_wconf 80' lang='lat' dir='ltr'>Valerius,</span> <span class='ocrx_word' id='word_1_377' title='bbox 739 2149 800 2220; x_wconf 89' lang='lat' dir='ltr'>quid</span> <span class='ocrx_word' id='word_1_378' title='bbox 810 2151 936 2206; x_wconf 88' lang='lat' dir='ltr'>instantia</span> <span class='ocrx_word' id='word_1_379' title='bbox 990 2165 1093 2219; x_wconf 81' lang='lat' dir='ltr'>pttsqtte</span> <span class='ocrx_word' id='word_1_380' title='bbox 1104 2153 1281 2220; x_wconf 87' lang='lat' dir='ltr'>accepissent,</span> <span class='ocrx_word' id='word_1_381' title='bbox 1293 2152 1455 2208; x_wconf 79' lang='lat' dir='ltr'>discriminis</span> <span class='ocrx_word' id='word_1_382' title='bbox 1467 2154 1598 2210; x_wconf 87' lang='lat' dir='ltr'>rationem</span> <span class='ocrx_word' id='word_1_383' title='bbox 1607 2154 1694 2217; x_wconf 76' lang='lat' dir='ltr'>affert.</span> <span class='ocrx_word' id='word_1_384' title='bbox 1708 2152 1781 2224; x_wconf 87' lang='lat' dir='ltr'>quoti</span> 
     </span>
     <span class='ocr_line' id='line_1_28' title="bbox 146 2220 1781 2293; baseline 0.001 -16"><span class='ocrx_word' id='word_1_385' title='bbox 146 2236 198 2277; x_wconf 87' lang='lat' dir='ltr'>sua</span> <span class='ocrx_word' id='word_1_386' title='bbox 209 2222 377 2288; x_wconf 89' lang='lat' dir='ltr'>obtinuerat,</span> <span class='ocrx_word' id='word_1_387' title='bbox 392 2223 527 2293; x_wconf 86' lang='lat' dir='ltr'>qttontodo</span> <span class='ocrx_word' id='word_1_388' title='bbox 541 2221 687 2277; x_wconf 86' lang='lat' dir='ltr'>ciliesciter</span> <span class='ocrx_word' id='word_1_389' title='bbox 700 2221 835 2275; x_wconf 90' lang='lat' dir='ltr'>restiterat</span> <span class='ocrx_word' id='word_1_390' title='bbox 849 2220 938 2288; x_wconf 79' lang='lat' dir='ltr'>prob·</span> <span class='ocrx_word' id='word_1_391' title='bbox 989 2221 1067 2275; x_wconf 87' lang='lat' dir='ltr'>aliter</span> <span class='ocrx_word' id='word_1_392' title='bbox 1080 2236 1140 2275; x_wconf 89' lang='lat' dir='ltr'>eum</span> <span class='ocrx_word' id='word_1_393' title='bbox 1155 2222 1212 2287; x_wconf 87' lang='lat' dir='ltr'>itis,</span> <span class='ocrx_word' id='word_1_394' title='bbox 1227 2222 1305 2277; x_wconf 88' lang='lat' dir='ltr'>aliter</span> <span class='ocrx_word' id='word_1_395' title='bbox 1317 2237 1378 2278; x_wconf 91' lang='lat' dir='ltr'>cnm</span> <span class='ocrx_word' id='word_1_396' title='bbox 1393 2223 1446 2279; x_wconf 89' lang='lat' dir='ltr'>illis</span> <span class='ocrx_word' id='word_1_397' title='bbox 1460 2228 1547 2280; x_wconf 88' lang='lat' dir='ltr'>actum</span> <span class='ocrx_word' id='word_1_398' title='bbox 1559 2225 1604 2280; x_wconf 87' lang='lat' dir='ltr'>sit.</span> <span class='ocrx_word' id='word_1_399' title='bbox 1620 2224 1705 2279; x_wconf 81' lang='lat' dir='ltr'>teron</span> <span class='ocrx_word' id='word_1_400' title='bbox 1722 2224 1781 2278; x_wconf 76' lang='lat' dir='ltr'>itae</span> 
     </span>
     <span class='ocr_line' id='line_1_29' title="bbox 69 2290 1778 2363; baseline 0.001 -17"><span class='ocrx_word' id='word_1_401' title='bbox 69 2346 73 2351; x_wconf 78' lang='grc'><em>,</em></span> <span class='ocrx_word' id='word_1_402' title='bbox 147 2292 192 2346; x_wconf 87' lang='lat' dir='ltr'>nis</span> <span class='ocrx_word' id='word_1_403' title='bbox 206 2292 378 2358; x_wconf 77' lang='lat' dir='ltr'>novitatibus,</span> <span class='ocrx_word' id='word_1_404' title='bbox 392 2292 442 2348; x_wconf 74' lang='lat' dir='ltr'>nisi</span> <span class='ocrx_word' id='word_1_405' title='bbox 453 2291 536 2363; x_wconf 88' lang='lat' dir='ltr'>quod,</span> <span class='ocrx_word' id='word_1_406' title='bbox 550 2302 578 2347; x_wconf 91' lang='lat' dir='ltr'>ut</span> <span class='ocrx_word' id='word_1_407' title='bbox 593 2291 709 2347; x_wconf 89' lang='lat' dir='ltr'>edietum</span> <span class='ocrx_word' id='word_1_408' title='bbox 724 2290 787 2347; x_wconf 90' lang='lat' dir='ltr'>illud</span> <span class='ocrx_word' id='word_1_409' title='bbox 799 2291 833 2345; x_wconf 88' lang='lat' dir='ltr'>ab</span> <span class='ocrx_word' id='word_1_410' title='bbox 848 2290 938 2346; x_wconf 83' lang='lat' dir='ltr'>iiorto·</span> <span class='ocrx_word' id='word_1_411' title='bbox 989 2299 1052 2346; x_wconf 88' lang='lat' dir='ltr'>sunt</span> <span class='ocrx_word' id='word_1_412' title='bbox 1062 2292 1198 2362; x_wconf 81' lang='lat' dir='ltr'>arrgustlnt</span> <span class='ocrx_word' id='word_1_413' title='bbox 1215 2291 1361 2349; x_wconf 73' lang='lat' dir='ltr'>meridi-tuo</span> <span class='ocrx_word' id='word_1_414' title='bbox 1371 2293 1428 2348; x_wconf 81' lang='lat' dir='ltr'>sole</span> <span class='ocrx_word' id='word_1_415' title='bbox 1440 2294 1565 2350; x_wconf 86' lang='lat' dir='ltr'>clariora.</span> <span class='ocrx_word' id='word_1_416' title='bbox 1579 2293 1667 2359; x_wconf 78' lang='lat' dir='ltr'>Absit,</span> <span class='ocrx_word' id='word_1_417' title='bbox 1678 2293 1778 2363; x_wconf 84' lang='lat' dir='ltr'>inquit,</span> 
     </span>
     <span class='ocr_line' id='line_1_30' title="bbox 147 2360 1779 2434; baseline 0.001 -17"><span class='ocrx_word' id='word_1_418' title='bbox 147 2362 191 2417; x_wconf 90' lang='lat' dir='ltr'>ria</span> <span class='ocrx_word' id='word_1_419' title='bbox 201 2361 322 2432; x_wconf 91' lang='lat' dir='ltr'>prodiret</span> <span class='ocrx_word' id='word_1_420' title='bbox 335 2362 463 2419; x_wconf 84' lang='lat' dir='ltr'>adsersus</span> <span class='ocrx_word' id='word_1_421' title='bbox 474 2362 625 2427; x_wconf 73' lang='lat' dir='ltr'>hereticos,</span> <span class='ocrx_word' id='word_1_422' title='bbox 641 2371 771 2431; x_wconf 88' lang='lat' dir='ltr'>potestate</span> <span class='ocrx_word' id='word_1_423' title='bbox 784 2370 812 2417; x_wconf 89' lang='lat' dir='ltr'>et</span> <span class='ocrx_word' id='word_1_424' title='bbox 825 2360 938 2429; x_wconf 70' lang='lat' dir='ltr'>litigans</span> <span class='ocrx_word' id='word_1_425' title='bbox 989 2361 1135 2415; x_wconf 78' lang='lat' dir='ltr'>cbristianis</span> <span class='ocrx_word' id='word_1_426' title='bbox 1158 2362 1322 2426; x_wconf 79' lang='lat' dir='ltr'>potenatibus</span> <span class='ocrx_word' id='word_1_427' title='bbox 1346 2374 1453 2419; x_wconf 81' lang='lat' dir='ltr'>terrena</span> <span class='ocrx_word' id='word_1_428' title='bbox 1469 2364 1615 2434; x_wconf 76' lang='lat' dir='ltr'>reipublice</span> <span class='ocrx_word' id='word_1_429' title='bbox 1625 2374 1652 2419; x_wconf 83' lang='lat' dir='ltr'>at</span> <span class='ocrx_word' id='word_1_430' title='bbox 1667 2365 1699 2420; x_wconf 88' lang='lat' dir='ltr'>de</span> <span class='ocrx_word' id='word_1_431' title='bbox 1711 2363 1779 2417; x_wconf 89' lang='lat' dir='ltr'>anti·</span> 
     </span>
     <span class='ocr_line' id='line_1_31' title="bbox 147 2431 1778 2506; baseline -0.001 -19"><span class='ocrx_word' id='word_1_432' title='bbox 147 2431 186 2488; x_wconf 88' lang='lat' dir='ltr'>tia</span> <span class='ocrx_word' id='word_1_433' title='bbox 198 2446 246 2487; x_wconf 89' lang='lat' dir='ltr'>sua</span> <span class='ocrx_word' id='word_1_434' title='bbox 259 2431 363 2488; x_wconf 76' lang='lat' dir='ltr'>effecit?</span> <span class='ocrx_word' id='word_1_435' title='bbox 374 2432 408 2490; x_wconf 88' lang='lat' dir='ltr'>de</span> <span class='ocrx_word' id='word_1_436' title='bbox 420 2447 473 2504; x_wconf 90' lang='lat' dir='ltr'>quo</span> <span class='ocrx_word' id='word_1_437' title='bbox 483 2440 510 2490; x_wconf 92' lang='lat' dir='ltr'>et</span> <span class='ocrx_word' id='word_1_438' title='bbox 521 2433 696 2489; x_wconf 83' lang='lat' dir='ltr'>uehementer</span> <span class='ocrx_word' id='word_1_439' title='bbox 708 2432 882 2501; x_wconf 78' lang='lat' dir='ltr'>conqueritur</span> <span class='ocrx_word' id='word_1_440' title='bbox 892 2431 938 2487; x_wconf 87' lang='lat' dir='ltr'>bu·</span> <span class='ocrx_word' id='word_1_441' title='bbox 989 2448 1040 2498; x_wconf 89' lang='lat' dir='ltr'>qun</span> <span class='ocrx_word' id='word_1_442' title='bbox 1062 2432 1188 2486; x_wconf 84' lang='lat' dir='ltr'>corbolien</span> <span class='ocrx_word' id='word_1_443' title='bbox 1198 2432 1249 2501; x_wconf 77' lang='lat' dir='ltr'>pide</span> <span class='ocrx_word' id='word_1_444' title='bbox 1261 2431 1389 2497; x_wconf 80' lang='lat' dir='ltr'>dubitent,</span> <span class='ocrx_word' id='word_1_445' title='bbox 1402 2445 1425 2489; x_wconf 78' lang='lat' dir='ltr'>st</span> <span class='ocrx_word' id='word_1_446' title='bbox 1437 2433 1468 2488; x_wconf 90' lang='lat' dir='ltr'>eb</span> <span class='ocrx_word' id='word_1_447' title='bbox 1489 2436 1537 2488; x_wconf 89' lang='lat' dir='ltr'>ltoc</span> <span class='ocrx_word' id='word_1_448' title='bbox 1558 2433 1778 2506; x_wconf 62' lang='lat' dir='ltr'>oppugnatoribus</span> 
     </span>
     <span class='ocr_line' id='line_1_32' title="bbox 147 2500 1778 2576; baseline -0.001 -19"><span class='ocrx_word' id='word_1_449' title='bbox 147 2500 237 2558; x_wconf 87' lang='lat' dir='ltr'>iiaous</span> <span class='ocrx_word' id='word_1_450' title='bbox 262 2502 352 2559; x_wconf 83' lang='lat' dir='ltr'>verbis</span> <span class='ocrx_word' id='word_1_451' title='bbox 373 2503 407 2557; x_wconf 91' lang='lat' dir='ltr'>ab</span> <span class='ocrx_word' id='word_1_452' title='bbox 427 2501 576 2572; x_wconf 79' lang='lat' dir='ltr'>Augustino</span> <span class='ocrx_word' id='word_1_453' title='bbox 599 2501 690 2557; x_wconf 88' lang='lat' dir='ltr'>relatis</span> <span class='ocrx_word' id='word_1_454' title='bbox 710 2501 758 2556; x_wconf 90' lang='lat' dir='ltr'>lib.</span> <span class='ocrx_word' id='word_1_455' title='bbox 772 2518 792 2556; x_wconf 90' lang='lat' dir='ltr'>t.</span> <span class='ocrx_word' id='word_1_456' title='bbox 813 2516 874 2569; x_wconf 81' lang='lat' dir='ltr'>eaqt.</span> <span class='ocrx_word' id='word_1_457' title='bbox 891 2503 936 2570; x_wconf 89' lang='lat' dir='ltr'>lo,</span> <span class='ocrx_word' id='word_1_458' title='bbox 989 2504 1046 2574; x_wconf 76' lang='lat' dir='ltr'>ejus</span> <span class='ocrx_word' id='word_1_459' title='bbox 1068 2502 1189 2556; x_wconf 86' lang='lat' dir='ltr'>iocamet</span> <span class='ocrx_word' id='word_1_460' title='bbox 1201 2511 1300 2573; x_wconf 85' lang='lat' dir='ltr'>tempus</span> <span class='ocrx_word' id='word_1_461' title='bbox 1317 2503 1443 2559; x_wconf 75' lang='lat' dir='ltr'>examinis</span> <span class='ocrx_word' id='word_1_462' title='bbox 1466 2506 1593 2575; x_wconf 86' lang='lat' dir='ltr'>prebeant</span> <span class='ocrx_word' id='word_1_463' title='bbox 1605 2522 1614 2568; x_wconf 83' lang='lat'>;</span> <span class='ocrx_word' id='word_1_464' title='bbox 1627 2521 1657 2558; x_wconf 86' lang='lat' dir='ltr'>ac</span> <span class='ocrx_word' id='word_1_465' title='bbox 1670 2518 1778 2576; x_wconf 90' lang='lat' dir='ltr'>nonpo-</span> 
     </span>
     <span class='ocr_line' id='line_1_33' title="bbox 148 2568 1776 2644; baseline -0.001 -17"><span class='ocrx_word' id='word_1_466' title='bbox 148 2571 246 2641; x_wconf 80' lang='lat' dir='ltr'>operu</span> <span class='ocrx_word' id='word_1_467' title='bbox 258 2573 325 2628; x_wconf 85' lang='lat' dir='ltr'>alias</span> <span class='ocrx_word' id='word_1_468' title='bbox 340 2573 507 2643; x_wconf 77' lang='lat' dir='ltr'>imperfecti,</span> <span class='ocrx_word' id='word_1_469' title='bbox 523 2588 594 2628; x_wconf 91' lang='lat' dir='ltr'>nune</span> <span class='ocrx_word' id='word_1_470' title='bbox 613 2572 723 2640; x_wconf 86' lang='lat' dir='ltr'>perlecti</span> <span class='ocrx_word' id='word_1_471' title='bbox 738 2572 825 2627; x_wconf 90' lang='lat' dir='ltr'>studio</span> <span class='ocrx_word' id='word_1_472' title='bbox 837 2572 939 2627; x_wconf 89' lang='lat' dir='ltr'>doctis·</span> <span class='ocrx_word' id='word_1_473' title='bbox 990 2573 1042 2627; x_wconf 89' lang='lat' dir='ltr'>tius</span> <span class='ocrx_word' id='word_1_474' title='bbox 1055 2573 1083 2627; x_wconf 86' lang='lat' dir='ltr'>itt</span> <span class='ocrx_word' id='word_1_475' title='bbox 1095 2589 1124 2628; x_wconf 87' lang='lat' dir='ltr'>ea</span> <span class='ocrx_word' id='word_1_476' title='bbox 1136 2574 1196 2626; x_wconf 81' lang='lat' dir='ltr'>certi</span> <span class='ocrx_word' id='word_1_477' title='bbox 1210 2568 1284 2642; x_wconf 82' lang='lat' dir='ltr'>atque</span> <span class='ocrx_word' id='word_1_478' title='bbox 1298 2572 1637 2644; x_wconf 75' lang='lat' dir='ltr'>pandati,t.1tttas,qaates</span> <span class='ocrx_word' id='word_1_479' title='bbox 1652 2590 1695 2629; x_wconf 86' lang='lat' dir='ltr'>tos</span> <span class='ocrx_word' id='word_1_480' title='bbox 1705 2574 1776 2639; x_wconf 84' lang='lat' dir='ltr'>estis,</span> 
     </span>
     <span class='ocr_line' id='line_1_34' title="bbox 147 2640 1783 2724; baseline -0.001 -27"><span class='ocrx_word' id='word_1_481' title='bbox 147 2641 461 2724; x_wconf 69' lang='lat' dir='ltr'>similigoeriiOratorii</span> <span class='ocrx_word' id='word_1_482' title='bbox 473 2644 504 2698; x_wconf 84' lang='lat' dir='ltr'>D.</span> <span class='ocrx_word' id='word_1_483' title='bbox 515 2643 578 2699; x_wconf 84' lang='lat' dir='ltr'>iesu</span> <span class='ocrx_word' id='word_1_484' title='bbox 593 2640 757 2713; x_wconf 84' lang='lat' dir='ltr'>presbyteri;</span> <span class='ocrx_word' id='word_1_485' title='bbox 774 2641 853 2697; x_wconf 84' lang='lat' dir='ltr'>rerba</span> <span class='ocrx_word' id='word_1_486' title='bbox 865 2643 937 2698; x_wconf 90' lang='lat' dir='ltr'>anim</span> <span class='ocrx_word' id='word_1_487' title='bbox 989 2643 1100 2697; x_wconf 87' lang='lat' dir='ltr'>inimicis</span> <span class='ocrx_word' id='word_1_488' title='bbox 1113 2643 1169 2713; x_wconf 80' lang='lat' dir='ltr'>ejus</span> <span class='ocrx_word' id='word_1_489' title='bbox 1191 2643 1354 2711; x_wconf 86' lang='lat' dir='ltr'>disciplinam</span> <span class='ocrx_word' id='word_1_490' title='bbox 1374 2645 1532 2699; x_wconf 74' lang='lat' dir='ltr'>concisionis</span> <span class='ocrx_word' id='word_1_491' title='bbox 1547 2646 1688 2715; x_wconf 89' lang='lat' dir='ltr'>imponant.</span> <span class='ocrx_word' id='word_1_492' title='bbox 1703 2642 1783 2708; x_wconf 78' lang='lat' dir='ltr'>Quod</span> 
     </span>
     <span class='ocr_line' id='line_1_35' title="bbox 148 2710 1780 2784; baseline 0.001 -17"><span class='ocrx_word' id='word_1_493' title='bbox 148 2712 293 2783; x_wconf 76' lang='lat' dir='ltr'>Augttsttoi</span> <span class='ocrx_word' id='word_1_494' title='bbox 303 2713 426 2782; x_wconf 88' lang='lat' dir='ltr'>superius</span> <span class='ocrx_word' id='word_1_495' title='bbox 437 2713 569 2784; x_wconf 85' lang='lat' dir='ltr'>descripta</span> <span class='ocrx_word' id='word_1_496' title='bbox 581 2713 616 2767; x_wconf 87' lang='lat' dir='ltr'>ita</span> <span class='ocrx_word' id='word_1_497' title='bbox 628 2712 782 2779; x_wconf 89' lang='lat' dir='ltr'>insectatur,</span> <span class='ocrx_word' id='word_1_498' title='bbox 791 2710 856 2768; x_wconf 84' lang='lat' dir='ltr'>salsa</span> <span class='ocrx_word' id='word_1_499' title='bbox 868 2712 939 2768; x_wconf 85' lang='lat' dir='ltr'>teris</span> <span class='ocrx_word' id='word_1_500' title='bbox 990 2713 1057 2783; x_wconf 75' lang='lat' dir='ltr'>euim</span> <span class='ocrx_word' id='word_1_501' title='bbox 1072 2724 1176 2782; x_wconf 87' lang='lat' dir='ltr'>propter</span> <span class='ocrx_word' id='word_1_502' title='bbox 1191 2712 1337 2767; x_wconf 81' lang='lat' dir='ltr'>Donatistae</span> <span class='ocrx_word' id='word_1_503' title='bbox 1351 2714 1447 2782; x_wconf 77' lang='lat' dir='ltr'>{aetum</span> <span class='ocrx_word' id='word_1_504' title='bbox 1472 2724 1528 2778; x_wconf 86' lang='lat' dir='ltr'>est,</span> <span class='ocrx_word' id='word_1_505' title='bbox 1542 2729 1630 2768; x_wconf 88' lang='lat' dir='ltr'>eorum</span> <span class='ocrx_word' id='word_1_506' title='bbox 1649 2714 1780 2768; x_wconf 86' lang='lat' dir='ltr'>uiolentis-</span> 
     </span>
     <span class='ocr_line' id='line_1_36' title="bbox 150 2779 1780 2854; baseline 0.001 -18"><span class='ocrx_word' id='word_1_507' title='bbox 150 2783 490 2852; x_wconf 78' lang='lat' dir='ltr'>rnisceas,seraqueetiant</span> <span class='ocrx_word' id='word_1_508' title='bbox 501 2782 573 2837; x_wconf 85' lang='lat' dir='ltr'>salsis</span> <span class='ocrx_word' id='word_1_509' title='bbox 585 2791 724 2853; x_wconf 89' lang='lat' dir='ltr'>retegens:</span> <span class='ocrx_word' id='word_1_510' title='bbox 740 2779 840 2836; x_wconf 74' lang='lat' dir='ltr'>Laudat</span> <span class='ocrx_word' id='word_1_511' title='bbox 851 2782 936 2854; x_wconf 88' lang='lat' dir='ltr'>etiam,</span> <span class='ocrx_word' id='word_1_512' title='bbox 989 2783 1062 2837; x_wconf 82' lang='lat' dir='ltr'>sime</span> <span class='ocrx_word' id='word_1_513' title='bbox 1087 2782 1166 2836; x_wconf 83' lang='lat' dir='ltr'>larba</span> <span class='ocrx_word' id='word_1_514' title='bbox 1180 2782 1236 2850; x_wconf 74' lang='lat' dir='ltr'>ficri</span> <span class='ocrx_word' id='word_1_515' title='bbox 1259 2792 1409 2853; x_wconf 81' lang='lat' dir='ltr'>coeperunt,</span> <span class='ocrx_word' id='word_1_516' title='bbox 1426 2786 1571 2853; x_wconf 77' lang='lat' dir='ltr'>ignorantes</span> <span class='ocrx_word' id='word_1_517' title='bbox 1594 2783 1657 2853; x_wconf 87' lang='lat' dir='ltr'>qnid</span> <span class='ocrx_word' id='word_1_518' title='bbox 1675 2792 1733 2838; x_wconf 86' lang='lat' dir='ltr'>ante</span> <span class='ocrx_word' id='word_1_519' title='bbox 1746 2785 1780 2837; x_wconf 86' lang='lat' dir='ltr'>sit</span> 
     </span>
     <span class='ocr_line' id='line_1_37' title="bbox 149 2851 1779 2924; baseline 0 -18"><span class='ocrx_word' id='word_1_520' title='bbox 149 2851 254 2918; x_wconf 86' lang='lat' dir='ltr'>inquit,</span> <span class='ocrx_word' id='word_1_521' title='bbox 266 2861 394 2915; x_wconf 76' lang='lat' dir='ltr'>potencia</span> <span class='ocrx_word' id='word_1_522' title='bbox 408 2852 534 2907; x_wconf 84' lang='lat' dir='ltr'>bominem</span> <span class='ocrx_word' id='word_1_523' title='bbox 547 2894 555 2917; x_wconf 91' lang='lat'>,</span> <span class='ocrx_word' id='word_1_524' title='bbox 569 2853 638 2923; x_wconf 84' lang='lat' dir='ltr'>quod</span> <span class='ocrx_word' id='word_1_525' title='bbox 652 2853 745 2908; x_wconf 89' lang='lat' dir='ltr'>nostris</span> <span class='ocrx_word' id='word_1_526' title='bbox 759 2853 936 2923; x_wconf 78' lang='lat' dir='ltr'>petitionibus,</span> <span class='ocrx_word' id='word_1_527' title='bbox 990 2861 1088 2923; x_wconf 84' lang='lat' dir='ltr'>gestam</span> <span class='ocrx_word' id='word_1_528' title='bbox 1102 2854 1170 2923; x_wconf 83' lang='lat' dir='ltr'>quod</span> <span class='ocrx_word' id='word_1_529' title='bbox 1178 2853 1215 2906; x_wconf 87' lang='lat' dir='ltr'>eis</span> <span class='ocrx_word' id='word_1_530' title='bbox 1229 2852 1313 2921; x_wconf 77' lang='lat' dir='ltr'>[uerat</span> <span class='ocrx_word' id='word_1_531' title='bbox 1326 2853 1508 2908; x_wconf 77' lang='lat' dir='ltr'>ostendendum</span> <span class='ocrx_word' id='word_1_532' title='bbox 1516 2870 1526 2921; x_wconf 93' lang='lat'>,·</span> <span class='ocrx_word' id='word_1_533' title='bbox 1537 2855 1626 2924; x_wconf 81' lang='lat' dir='ltr'>quales</span> <span class='ocrx_word' id='word_1_534' title='bbox 1638 2869 1681 2908; x_wconf 89' lang='lat' dir='ltr'>nos</span> <span class='ocrx_word' id='word_1_535' title='bbox 1692 2854 1779 2907; x_wconf 85' lang='lat' dir='ltr'>turbas</span> 
     </span>
     <span class='ocr_line' id='line_1_38' title="bbox 150 2921 1779 2998; baseline 0.002 -24"><span class='ocrx_word' id='word_1_536' title='bbox 150 2923 197 2990; x_wconf 87' lang='lat' dir='ltr'>qui</span> <span class='ocrx_word' id='word_1_537' title='bbox 210 2921 275 2975; x_wconf 84' lang='lat' dir='ltr'>nibil</span> <span class='ocrx_word' id='word_1_538' title='bbox 292 2923 364 2978; x_wconf 86' lang='lat' dir='ltr'>aliud</span> <span class='ocrx_word' id='word_1_539' title='bbox 377 2939 452 2991; x_wconf 87' lang='lat' dir='ltr'>quam</span> <span class='ocrx_word' id='word_1_540' title='bbox 466 2923 524 2977; x_wconf 88' lang='lat' dir='ltr'>dari</span> <span class='ocrx_word' id='word_1_541' title='bbox 534 2931 603 2976; x_wconf 91' lang='lat' dir='ltr'>tanto</span> <span class='ocrx_word' id='word_1_542' title='bbox 621 2923 721 2993; x_wconf 81' lang='lat' dir='ltr'>negotio</span> <span class='ocrx_word' id='word_1_543' title='bbox 730 2922 832 2996; x_wconf 77' lang='lat' dir='ltr'>judiees</span> <span class='ocrx_word' id='word_1_544' title='bbox 845 2924 915 2993; x_wconf 71' lang='lat' dir='ltr'>coeii</span> <span class='ocrx_word' id='word_1_545' title='bbox 926 2952 940 2965; x_wconf 88' lang='lat'><strong>·</strong></span> <span class='ocrx_word' id='word_1_546' title='bbox 991 2921 1117 2977; x_wconf 80' lang='grc' dir='ltr'>Ιὶοιιιιιιιιι</span> <span class='ocrx_word' id='word_1_547' title='bbox 1130 2933 1227 2977; x_wconf 74' lang='grc' dir='ltr'>ουσιαι</span> <span class='ocrx_word' id='word_1_548' title='bbox 1240 2930 1266 2976; x_wconf 88' lang='lat' dir='ltr'>at</span> <span class='ocrx_word' id='word_1_549' title='bbox 1278 2921 1391 2978; x_wconf 85' lang='lat' dir='ltr'>babeatis</span> <span class='ocrx_word' id='word_1_550' title='bbox 1405 2941 1415 2979; x_wconf 87' lang='lat'>.·</span> <span class='ocrx_word' id='word_1_551' title='bbox 1428 2922 1483 2980; x_wconf 83' lang='lat' dir='ltr'>Deo</span> <span class='ocrx_word' id='word_1_552' title='bbox 1499 2933 1583 2979; x_wconf 89' lang='lat' dir='ltr'>tamen</span> <span class='ocrx_word' id='word_1_553' title='bbox 1601 2922 1714 2998; x_wconf 88' lang='lat' dir='ltr'>propitio</span> <span class='ocrx_word' id='word_1_554' title='bbox 1728 2938 1779 2977; x_wconf 86' lang='lat' dir='ltr'>nort</span> 
     </span>
     <span class='ocr_line' id='line_1_39' title="bbox 150 2984 1694 3064; baseline 0 -18"><span class='ocrx_word' id='word_1_555' title='bbox 150 2991 282 3060; x_wconf 85' lang='lat' dir='ltr'>rebantur,</span> <span class='ocrx_word' id='word_1_556' title='bbox 290 3001 317 3045; x_wconf 89' lang='lat' dir='ltr'>ut</span> <span class='ocrx_word' id='word_1_557' title='bbox 327 3008 356 3046; x_wconf 89' lang='lat' dir='ltr'>ea</span> <span class='ocrx_word' id='word_1_558' title='bbox 366 3009 424 3064; x_wconf 81' lang='lat' dir='ltr'>que</span> <span class='ocrx_word' id='word_1_559' title='bbox 435 2992 637 3064; x_wconf 79' lang='lat' dir='ltr'>subreptionibus</span> <span class='ocrx_word' id='word_1_560' title='bbox 648 3000 705 3046; x_wconf 90' lang='lat' dir='ltr'>orta</span> <span class='ocrx_word' id='word_1_561' title='bbox 718 2992 847 3048; x_wconf 86' lang='lat' dir='ltr'>constabat</span> <span class='ocrx_word' id='word_1_562' title='bbox 855 3009 939 3049; x_wconf 86' lang='lat' dir='ltr'>emen·</span> <span class='ocrx_word' id='word_1_563' title='bbox 990 2993 1099 3047; x_wconf 85' lang='lat' dir='ltr'>bebetis.</span> <span class='ocrx_word' id='word_1_564' title='bbox 1684 2984 1694 3006; x_wconf 89' lang='lat'><strong><em>‘</em></strong></span> 
     </span>
     <span class='ocr_line' id='line_1_40' title="bbox 150 3062 1685 3136; baseline 0.002 -19"><span class='ocrx_word' id='word_1_565' title='bbox 150 3062 275 3117; x_wconf 87' lang='lat' dir='ltr'>darmtm</span> <span class='ocrx_word' id='word_1_566' title='bbox 299 3064 383 3129; x_wconf 88' lang='lat' dir='ltr'>patius</span> <span class='ocrx_word' id='word_1_567' title='bbox 406 3079 483 3132; x_wconf 88' lang='lat' dir='ltr'>qaam</span> <span class='ocrx_word' id='word_1_568' title='bbox 498 3064 648 3136; x_wconf 87' lang='lat' dir='ltr'>prtuirentnr</span> <span class='ocrx_word' id='word_1_569' title='bbox 661 3063 776 3118; x_wconf 75' lang='lat' dir='ltr'>examine</span> <span class='ocrx_word' id='word_1_570' title='bbox 786 3102 794 3129; x_wconf 90' lang='lat'>,</span> <span class='ocrx_word' id='word_1_571' title='bbox 806 3064 872 3119; x_wconf 90' lang='lat' dir='ltr'>mole</span> <span class='ocrx_word' id='word_1_572' title='bbox 886 3078 939 3119; x_wconf 84' lang='lat' dir='ltr'>sua</span> <span class='ocrx_word' id='word_1_573' title='bbox 1028 3063 1054 3118; x_wconf 90' lang='lat' dir='ltr'>o.</span> <span class='ocrx_word' id='word_1_574' title='bbox 1070 3062 1116 3119; x_wconf 91' lang='lat' dir='ltr'>iiis</span> <span class='ocrx_word' id='word_1_575' title='bbox 1127 3077 1185 3132; x_wconf 77' lang='lat' dir='ltr'>que</span> <span class='ocrx_word' id='word_1_576' title='bbox 1198 3063 1278 3126; x_wconf 84' lang='lat' dir='ltr'>ruodo</span> <span class='ocrx_word' id='word_1_577' title='bbox 1292 3063 1426 3131; x_wconf 79' lang='lat' dir='ltr'>diximus,</span> <span class='ocrx_word' id='word_1_578' title='bbox 1444 3063 1512 3123; x_wconf 89' lang='lat' dir='ltr'>breis</span> <span class='ocrx_word' id='word_1_579' title='bbox 1527 3063 1685 3135; x_wconf 81' lang='lat' dir='ltr'>ruborisque</span> 
     </span>
    </p>
   </div>
   <div class='ocr_carea' id='block_1_3' title="bbox 149 3063 1786 3401">
    <p class='ocr_par' dir='ltr' id='par_1_3' title="bbox 149 3063 1786 3401">
     <span class='ocr_line' id='line_1_41' title="bbox 149 3063 1786 3205; baseline 0.002 -18"><span class='ocrx_word' id='word_1_580' title='bbox 149 3132 283 3204; x_wconf 79' lang='lat' dir='ltr'>diqnitatis</span> <span class='ocrx_word' id='word_1_581' title='bbox 297 3135 431 3202; x_wconf 88' lang='lat' dir='ltr'>obstiterit,</span> <span class='ocrx_word' id='word_1_582' title='bbox 443 3151 488 3190; x_wconf 82' lang='lat' dir='ltr'>tter</span> <span class='ocrx_word' id='word_1_583' title='bbox 498 3134 675 3200; x_wconf 84' lang='lat' dir='ltr'>disceptationi</span> <span class='ocrx_word' id='word_1_584' title='bbox 685 3144 782 3205; x_wconf 83' lang='lat' dir='ltr'>lantper</span> <span class='ocrx_word' id='word_1_585' title='bbox 796 3142 841 3188; x_wconf 87' lang='lat' dir='ltr'>ant</span> <span class='ocrx_word' id='word_1_586' title='bbox 856 3132 975 3195; x_wconf 80' lang='lat' dir='ltr'>locsrnc</span> <span class='ocrx_word' id='word_1_587' title='bbox 992 3150 1045 3190; x_wconf 92' lang='lat' dir='ltr'>non</span> <span class='ocrx_word' id='word_1_588' title='bbox 1056 3148 1148 3205; x_wconf 89' lang='lat' dir='ltr'>parum</span> <span class='ocrx_word' id='word_1_589' title='bbox 1158 3136 1261 3190; x_wconf 89' lang='lat' dir='ltr'>accedit</span> <span class='ocrx_word' id='word_1_590' title='bbox 1272 3151 1303 3190; x_wconf 87' lang='lat' dir='ltr'>es</span> <span class='ocrx_word' id='word_1_591' title='bbox 1315 3135 1413 3191; x_wconf 88' lang='lat' dir='ltr'>Zosimi</span> <span class='ocrx_word' id='word_1_592' title='bbox 1428 3135 1480 3192; x_wconf 73' lang='grc' dir='ltr'>ΙΨ.</span> <span class='ocrx_word' id='word_1_593' title='bbox 1494 3063 1786 3193; x_wconf 57' lang='lat' dir='ltr'>conmnnlurtoiiri·</span> 
     </span>
     <span class='ocr_line' id='line_1_42' title="bbox 150 3204 1781 3277; baseline 0.002 -22"><span class='ocrx_word' id='word_1_594' title='bbox 150 3205 296 3272; x_wconf 54' lang='lat' dir='ltr'>permiserit</span> <span class='ocrx_word' id='word_1_595' title='bbox 311 3210 455 3274; x_wconf 86' lang='lat' dir='ltr'>intpetrare.</span> <span class='ocrx_word' id='word_1_596' title='bbox 476 3204 551 3272; x_wconf 83' lang='lat' dir='ltr'>Quod</span> <span class='ocrx_word' id='word_1_597' title='bbox 563 3215 649 3258; x_wconf 85' lang='lat' dir='ltr'>atrum</span> <span class='ocrx_word' id='word_1_598' title='bbox 667 3204 728 3267; x_wconf 83' lang='lat' dir='ltr'>ille,</span> <span class='ocrx_word' id='word_1_599' title='bbox 741 3204 863 3274; x_wconf 84' lang='lat' dir='ltr'>adquam</span> <span class='ocrx_word' id='word_1_600' title='bbox 877 3205 941 3259; x_wconf 91' lang='lat' dir='ltr'>scri·</span> <span class='ocrx_word' id='word_1_601' title='bbox 993 3208 1065 3260; x_wconf 88' lang='lat' dir='ltr'>atitto</span> <span class='ocrx_word' id='word_1_602' title='bbox 1078 3206 1191 3273; x_wconf 88' lang='lat' dir='ltr'>aliisque</span> <span class='ocrx_word' id='word_1_603' title='bbox 1205 3207 1298 3277; x_wconf 85' lang='lat' dir='ltr'>legatis</span> <span class='ocrx_word' id='word_1_604' title='bbox 1310 3205 1392 3273; x_wconf 83' lang='lat' dir='ltr'>dato,</span> <span class='ocrx_word' id='word_1_605' title='bbox 1412 3222 1473 3262; x_wconf 84' lang='lat' dir='ltr'>crim</span> <span class='ocrx_word' id='word_1_606' title='bbox 1489 3208 1523 3262; x_wconf 87' lang='lat' dir='ltr'>ad</span> <span class='ocrx_word' id='word_1_607' title='bbox 1537 3206 1678 3263; x_wconf 81' lang='lat' dir='ltr'>birieanos</span> <span class='ocrx_word' id='word_1_608' title='bbox 1691 3204 1726 3260; x_wconf 90' lang='lat' dir='ltr'>ab</span> <span class='ocrx_word' id='word_1_609' title='bbox 1747 3219 1781 3260; x_wconf 89' lang='lat' dir='ltr'>eo</span> 
     </span>
     <span class='ocr_line' id='line_1_43' title="bbox 150 3272 1783 3401; baseline 0.001 -74"><span class='ocrx_word' id='word_1_610' title='bbox 150 3272 241 3337; x_wconf 84' lang='lat' dir='ltr'>bitur,</span> <span class='ocrx_word' id='word_1_611' title='bbox 255 3282 307 3328; x_wconf 88' lang='lat' dir='ltr'>tam</span> <span class='ocrx_word' id='word_1_612' title='bbox 317 3276 429 3344; x_wconf 81' lang='lat' dir='ltr'>neqst‘ter</span> <span class='ocrx_word' id='word_1_613' title='bbox 441 3274 529 3349; x_wconf 69' lang='lat' dir='ltr'>[erait</span> <span class='ocrx_word' id='word_1_614' title='bbox 540 3291 615 3346; x_wconf 81' lang='lat' dir='ltr'>quam</span> <span class='ocrx_word' id='word_1_615' title='bbox 630 3281 738 3327; x_wconf 86' lang='lat' dir='ltr'>testatur</span> <span class='ocrx_word' id='word_1_616' title='bbox 748 3275 804 3346; x_wconf 88' lang='lat' dir='ltr'>ipsa</span> <span class='ocrx_word' id='word_1_617' title='bbox 815 3274 940 3343; x_wconf 84' lang='lat' dir='ltr'>laudatio,</span> <span class='ocrx_word' id='word_1_618' title='bbox 993 3276 1068 3330; x_wconf 87' lang='lat' dir='ltr'>missi</span> <span class='ocrx_word' id='word_1_619' title='bbox 1083 3284 1154 3330; x_wconf 87' lang='lat' dir='ltr'>sunt.</span> <span class='ocrx_word' id='word_1_620' title='bbox 1168 3275 1288 3342; x_wconf 77' lang='lat' dir='ltr'>Quantos</span> <span class='ocrx_word' id='word_1_621' title='bbox 1301 3277 1440 3332; x_wconf 84' lang='lat' dir='ltr'>constabat</span> <span class='ocrx_word' id='word_1_622' title='bbox 1448 3277 1596 3346; x_wconf 84' lang='lat' dir='ltr'>capitibus,</span> <span class='ocrx_word' id='word_1_623' title='bbox 1612 3291 1672 3401; x_wconf 69' lang='lat' dir='ltr'>pute</span> <span class='ocrx_word' id='word_1_624' title='bbox 1683 3275 1783 3330; x_wconf 86' lang='lat' dir='ltr'>itaben-</span> 
     </span>
    </p>
   </div>
   <div class='ocr_carea' id='block_1_4' title="bbox 150 3341 1787 4957">
    <p class='ocr_par' dir='ltr' id='par_1_4' title="bbox 150 3341 1787 4957">
     <span class='ocr_line' id='line_1_44' title="bbox 150 3341 1780 3416; baseline 0.001 -19"><span class='ocrx_word' id='word_1_625' title='bbox 150 3344 210 3409; x_wconf 86' lang='lat' dir='ltr'>ipse</span> <span class='ocrx_word' id='word_1_626' title='bbox 221 3343 321 3397; x_wconf 84' lang='lat' dir='ltr'>uiderit.</span> <span class='ocrx_word' id='word_1_627' title='bbox 338 3346 375 3400; x_wconf 74' lang='lat' dir='ltr'>bx</span> <span class='ocrx_word' id='word_1_628' title='bbox 391 3341 443 3401; x_wconf 85' lang='lat' dir='ltr'>bo&#39;c</span> <span class='ocrx_word' id='word_1_629' title='bbox 457 3348 515 3400; x_wconf 89' lang='lat' dir='ltr'>loco</span> <span class='ocrx_word' id='word_1_630' title='bbox 527 3345 594 3400; x_wconf 88' lang='lat' dir='ltr'>lueis</span> <span class='ocrx_word' id='word_1_631' title='bbox 608 3344 750 3415; x_wconf 89' lang='lat' dir='ltr'>plurimum</span> <span class='ocrx_word' id='word_1_632' title='bbox 765 3343 869 3401; x_wconf 86' lang='lat' dir='ltr'>accedit</span> <span class='ocrx_word' id='word_1_633' title='bbox 882 3360 942 3399; x_wconf 81' lang='lat' dir='ltr'>rer·</span> <span class='ocrx_word' id='word_1_634' title='bbox 993 3355 1037 3399; x_wconf 91' lang='lat' dir='ltr'>tur</span> <span class='ocrx_word' id='word_1_635' title='bbox 1051 3346 1077 3399; x_wconf 91' lang='lat' dir='ltr'>iu</span> <span class='ocrx_word' id='word_1_636' title='bbox 1101 3346 1213 3416; x_wconf 86' lang='lat' dir='ltr'>epistola</span> <span class='ocrx_word' id='word_1_637' title='bbox 1234 3345 1353 3399; x_wconf 77' lang='lat' dir='ltr'>Africani</span> <span class='ocrx_word' id='word_1_638' title='bbox 1373 3347 1478 3401; x_wconf 87' lang='lat' dir='ltr'>concilii</span> <span class='ocrx_word' id='word_1_639' title='bbox 1500 3347 1533 3401; x_wconf 89' lang='lat' dir='ltr'>ad</span> <span class='ocrx_word' id='word_1_640' title='bbox 1546 3348 1611 3402; x_wconf 81' lang='lat' dir='ltr'>Rani</span> <span class='ocrx_word' id='word_1_641' title='bbox 1625 3348 1711 3402; x_wconf 86' lang='lat' dir='ltr'>aciunt</span> <span class='ocrx_word' id='word_1_642' title='bbox 1728 3343 1780 3401; x_wconf 73' lang='lat' dir='ltr'>l‘l’.</span> 
     </span>
     <span class='ocr_line' id='line_1_45' title="bbox 150 3413 1780 3537; baseline 0.001 -69"><span class='ocrx_word' id='word_1_643' title='bbox 150 3413 196 3469; x_wconf 84' lang='lat' dir='ltr'>bis</span> <span class='ocrx_word' id='word_1_644' title='bbox 208 3413 345 3484; x_wconf 72' lang='lat' dir='ltr'>augistini</span> <span class='ocrx_word' id='word_1_645' title='bbox 355 3416 478 3485; x_wconf 84' lang='lat' dir='ltr'>superius</span> <span class='ocrx_word' id='word_1_646' title='bbox 489 3415 582 3471; x_wconf 87' lang='lat' dir='ltr'>relatis</span> <span class='ocrx_word' id='word_1_647' title='bbox 592 3415 618 3470; x_wconf 93' lang='lat' dir='ltr'>in</span> <span class='ocrx_word' id='word_1_648' title='bbox 629 3414 734 3469; x_wconf 87' lang='lat' dir='ltr'>laudern</span> <span class='ocrx_word' id='word_1_649' title='bbox 746 3413 854 3476; x_wconf 69' lang='lat' dir='ltr'>latent,</span> <span class='ocrx_word' id='word_1_650' title='bbox 865 3414 940 3482; x_wconf 81' lang='lat' dir='ltr'>Qttod</span> <span class='ocrx_word' id='word_1_651' title='bbox 993 3414 1132 3483; x_wconf 79' lang='lat' dir='ltr'>Primum,</span> <span class='ocrx_word' id='word_1_652' title='bbox 1156 3414 1262 3470; x_wconf 90' lang='lat' dir='ltr'>tertium</span> <span class='ocrx_word' id='word_1_653' title='bbox 1283 3422 1310 3469; x_wconf 89' lang='lat' dir='ltr'>et</span> <span class='ocrx_word' id='word_1_654' title='bbox 1328 3423 1452 3482; x_wconf 87' lang='lat' dir='ltr'>quartum</span> <span class='ocrx_word' id='word_1_655' title='bbox 1467 3426 1530 3471; x_wconf 88' lang='lat' dir='ltr'>sunt</span> <span class='ocrx_word' id='word_1_656' title='bbox 1543 3415 1578 3472; x_wconf 90' lang='lat' dir='ltr'>de</span> <span class='ocrx_word' id='word_1_657' title='bbox 1592 3416 1780 3537; x_wconf 72' lang='lat' dir='ltr'>episcoporum</span> 
     </span>
     <span class='ocr_line' id='line_1_46' title="bbox 150 3482 1783 3554; baseline 0 -16"><span class='ocrx_word' id='word_1_658' title='bbox 150 3483 226 3538; x_wconf 85' lang='lat' dir='ltr'>enim</span> <span class='ocrx_word' id='word_1_659' title='bbox 240 3494 329 3540; x_wconf 88' lang='lat' dir='ltr'>actutu</span> <span class='ocrx_word' id='word_1_660' title='bbox 343 3487 376 3540; x_wconf 90' lang='lat' dir='ltr'>ab</span> <span class='ocrx_word' id='word_1_661' title='bbox 390 3489 441 3540; x_wconf 90' lang='lat' dir='ltr'>isto</span> <span class='ocrx_word' id='word_1_662' title='bbox 457 3486 578 3554; x_wconf 86' lang='lat' dir='ltr'>piissimo</span> <span class='ocrx_word' id='word_1_663' title='bbox 591 3484 689 3540; x_wconf 88' lang='lat' dir='ltr'>comite</span> <span class='ocrx_word' id='word_1_664' title='bbox 703 3482 820 3540; x_wconf 87' lang='lat' dir='ltr'>laudarit</span> <span class='ocrx_word' id='word_1_665' title='bbox 833 3494 942 3540; x_wconf 88' lang='lat' dir='ltr'>sauctus</span> <span class='ocrx_word' id='word_1_666' title='bbox 993 3483 1217 3554; x_wconf 83' lang='lat' dir='ltr'>appellationibus</span> <span class='ocrx_word' id='word_1_667' title='bbox 1232 3483 1374 3553; x_wconf 85' lang='lat' dir='ltr'>causisque</span> <span class='ocrx_word' id='word_1_668' title='bbox 1398 3483 1510 3539; x_wconf 75' lang='lat' dir='ltr'>ltom&#39;am</span> <span class='ocrx_word' id='word_1_669' title='bbox 1534 3485 1676 3551; x_wconf 79' lang='lat' dir='ltr'>percrebro</span> <span class='ocrx_word' id='word_1_670' title='bbox 1698 3485 1739 3547; x_wconf 90' lang='lat' dir='ltr'>is,</span> <span class='ocrx_word' id='word_1_671' title='bbox 1755 3491 1783 3538; x_wconf 89' lang='lat' dir='ltr'>et</span> 
     </span>
     <span class='ocr_line' id='line_1_47' title="bbox 150 3552 1782 3629; baseline -0.005 -19"><span class='ocrx_word' id='word_1_672' title='bbox 150 3552 260 3620; x_wconf 89' lang='lat' dir='ltr'>doctor,</span> <span class='ocrx_word' id='word_1_673' title='bbox 282 3570 340 3610; x_wconf 80' lang='lat' dir='ltr'>cuttu</span> <span class='ocrx_word' id='word_1_674' title='bbox 358 3557 394 3611; x_wconf 87' lang='lat' dir='ltr'>ait</span> <span class='ocrx_word' id='word_1_675' title='bbox 408 3574 415 3611; x_wconf 74' lang='grc' dir='ltr'><strong><em>ε</em></strong></span> <span class='ocrx_word' id='word_1_676' title='bbox 427 3555 550 3629; x_wconf 67' lang='lat' dir='ltr'>Propanis</span> <span class='ocrx_word' id='word_1_677' title='bbox 560 3556 615 3610; x_wconf 86' lang='lat' dir='ltr'>istis</span> <span class='ocrx_word' id='word_1_678' title='bbox 626 3555 778 3609; x_wconf 82' lang='lat' dir='ltr'>nouitatiims</span> <span class='ocrx_word' id='word_1_679' title='bbox 781 3591 834 3609; x_wconf 90' lang='grc'><strong>.....</strong></span> <span class='ocrx_word' id='word_1_680' title='bbox 851 3563 878 3608; x_wconf 89' lang='lat' dir='ltr'>tu</span> <span class='ocrx_word' id='word_1_681' title='bbox 891 3570 940 3625; x_wconf 90' lang='lat' dir='ltr'>po·</span> <span class='ocrx_word' id='word_1_682' title='bbox 993 3555 1028 3609; x_wconf 90' lang='lat' dir='ltr'>de</span> <span class='ocrx_word' id='word_1_683' title='bbox 1041 3553 1155 3610; x_wconf 87' lang='lat' dir='ltr'>aliorum</span> <span class='ocrx_word' id='word_1_684' title='bbox 1169 3552 1328 3608; x_wconf 85' lang='lat' dir='ltr'>clericorum</span> <span class='ocrx_word' id='word_1_685' title='bbox 1342 3554 1428 3607; x_wconf 87' lang='lat' dir='ltr'>causis</span> <span class='ocrx_word' id='word_1_686' title='bbox 1444 3553 1627 3623; x_wconf 86' lang='lat' dir='ltr'>perlinitisuos</span> <span class='ocrx_word' id='word_1_687' title='bbox 1640 3554 1782 3623; x_wconf 80' lang='lat' dir='ltr'>episcopos</span> 
     </span>
     <span class='ocr_line' id='line_1_48' title="bbox 151 3622 1784 3751; baseline -0.002 -72"><span class='ocrx_word' id='word_1_688' title='bbox 151 3631 244 3679; x_wconf 70' lang='lat' dir='ltr'>tutare</span> <span class='ocrx_word' id='word_1_689' title='bbox 257 3626 371 3680; x_wconf 85' lang='lat' dir='ltr'>curanda</span> <span class='ocrx_word' id='word_1_690' title='bbox 385 3639 408 3682; x_wconf 88' lang='lat' dir='ltr'>ct</span> <span class='ocrx_word' id='word_1_691' title='bbox 418 3624 536 3681; x_wconf 90' lang='lat' dir='ltr'>instando</span> <span class='ocrx_word' id='word_1_692' title='bbox 548 3624 679 3696; x_wconf 73' lang='lat' dir='ltr'>efficaciter</span> <span class='ocrx_word' id='word_1_693' title='bbox 692 3625 806 3680; x_wconf 85' lang='lat' dir='ltr'>restitisti</span> <span class='ocrx_word' id='word_1_694' title='bbox 817 3640 826 3679; x_wconf 91' lang='grc'>.·</span> <span class='ocrx_word' id='word_1_695' title='bbox 837 3623 889 3679; x_wconf 93' lang='lat' dir='ltr'>boc</span> <span class='ocrx_word' id='word_1_696' title='bbox 902 3625 943 3694; x_wconf 91' lang='lat' dir='ltr'>ip-</span> <span class='ocrx_word' id='word_1_697' title='bbox 992 3625 1152 3751; x_wconf 41' lang='lat' dir='ltr'>{iudicandis</span> <span class='ocrx_word' id='word_1_698' title='bbox 1168 3622 1320 3679; x_wconf 61' lang='lat' dir='ltr'>&amp;etinctum</span> <span class='ocrx_word' id='word_1_699' title='bbox 1335 3637 1399 3678; x_wconf 84' lang='lat' dir='ltr'>roro</span> <span class='ocrx_word' id='word_1_700' title='bbox 1418 3634 1497 3694; x_wconf 90' lang='lat' dir='ltr'>caput</span> <span class='ocrx_word' id='word_1_701' title='bbox 1510 3622 1706 3680; x_wconf 89' lang='lat' dir='ltr'>commonitorii</span> <span class='ocrx_word' id='word_1_702' title='bbox 1724 3630 1784 3676; x_wconf 88' lang='lat' dir='ltr'>crat</span> 
     </span>
     <span class='ocr_line' id='line_1_49' title="bbox 153 3692 1784 3766; baseline -0.002 -16"><span class='ocrx_word' id='word_1_703' title='bbox 153 3709 217 3750; x_wconf 83' lang='lat' dir='ltr'>suns</span> <span class='ocrx_word' id='word_1_704' title='bbox 229 3705 268 3750; x_wconf 89' lang='lat' dir='ltr'>est</span> <span class='ocrx_word' id='word_1_705' title='bbox 278 3694 311 3750; x_wconf 86' lang='lat' dir='ltr'>du</span> <span class='ocrx_word' id='word_1_706' title='bbox 325 3711 377 3764; x_wconf 92' lang='lat' dir='ltr'>quo</span> <span class='ocrx_word' id='word_1_707' title='bbox 389 3697 519 3753; x_wconf 81' lang='lat' dir='ltr'>insidiose</span> <span class='ocrx_word' id='word_1_708' title='bbox 529 3695 647 3764; x_wconf 87' lang='lat' dir='ltr'>queritur</span> <span class='ocrx_word' id='word_1_709' title='bbox 659 3694 866 3762; x_wconf 72' lang='lat' dir='ltr'>lulianusqnocl</span> <span class='ocrx_word' id='word_1_710' title='bbox 877 3692 943 3749; x_wconf 84' lang='lat' dir='ltr'>mole</span> <span class='ocrx_word' id='word_1_711' title='bbox 1015 3692 1145 3764; x_wconf 75' lang='lat' dir='ltr'>itiusmodi</span> <span class='ocrx_word' id='word_1_712' title='bbox 1161 3711 1168 3747; x_wconf 93' lang='lat'><strong>:</strong></span> <span class='ocrx_word' id='word_1_713' title='bbox 1194 3693 1236 3749; x_wconf 86' lang='lat' dir='ltr'>Ne</span> <span class='ocrx_word' id='word_1_714' title='bbox 1249 3692 1284 3747; x_wconf 87' lang='lat' dir='ltr'>ad</span> <span class='ocrx_word' id='word_1_715' title='bbox 1297 3694 1447 3747; x_wconf 79' lang='lat' dir='ltr'>cessitatem</span> <span class='ocrx_word' id='word_1_716' title='bbox 1456 3694 1725 3766; x_wconf 86' lang='lat' dir='ltr'>cpiscopiimportune</span> <span class='ocrx_word' id='word_1_717' title='bbox 1736 3708 1784 3745; x_wconf 89' lang='lat' dir='ltr'>tta·</span> 
     </span>
     <span class='ocr_line' id='line_1_50' title="bbox 150 3762 1781 3836; baseline -0.001 -16"><span class='ocrx_word' id='word_1_718' title='bbox 150 3780 209 3820; x_wconf 75' lang='lat' dir='ltr'>sarr</span> <span class='ocrx_word' id='word_1_719' title='bbox 222 3765 354 3835; x_wconf 83' lang='lat' dir='ltr'>diqnitntis</span> <span class='ocrx_word' id='word_1_720' title='bbox 368 3768 489 3823; x_wconf 86' lang='lat' dir='ltr'>obstiterit</span> <span class='ocrx_word' id='word_1_721' title='bbox 504 3765 663 3836; x_wconf 87' lang='lat' dir='ltr'>petitionibus</span> <span class='ocrx_word' id='word_1_722' title='bbox 676 3764 807 3835; x_wconf 68' lang='lat' dir='ltr'>ipsorum·</span> <span class='ocrx_word' id='word_1_723' title='bbox 821 3762 944 3835; x_wconf 82' lang='lat' dir='ltr'>quinidii</span> <span class='ocrx_word' id='word_1_724' title='bbox 992 3766 1087 3836; x_wconf 79' lang='lat' dir='ltr'>rigent.</span> <span class='ocrx_word' id='word_1_725' title='bbox 1103 3764 1168 3832; x_wconf 82' lang='lat' dir='ltr'>Quia</span> <span class='ocrx_word' id='word_1_726' title='bbox 1177 3764 1235 3819; x_wconf 80' lang='lat' dir='ltr'>baec</span> <span class='ocrx_word' id='word_1_727' title='bbox 1244 3763 1439 3834; x_wconf 88' lang='lat' dir='ltr'>ctrmsuperius</span> <span class='ocrx_word' id='word_1_728' title='bbox 1453 3766 1592 3820; x_wconf 86' lang='lat' dir='ltr'>recensitis</span> <span class='ocrx_word' id='word_1_729' title='bbox 1606 3777 1781 3833; x_wconf 84' lang='lat' dir='ltr'>componens,</span> 
     </span>
     <span class='ocr_line' id='line_1_51' title="bbox 151 3832 1782 3907; baseline 0.002 -20"><span class='ocrx_word' id='word_1_730' title='bbox 151 3834 231 3888; x_wconf 84' lang='lat' dir='ltr'>aliud</span> <span class='ocrx_word' id='word_1_731' title='bbox 247 3852 323 3905; x_wconf 88' lang='lat' dir='ltr'>quant</span> <span class='ocrx_word' id='word_1_732' title='bbox 338 3836 394 3891; x_wconf 88' lang='lat' dir='ltr'>dari</span> <span class='ocrx_word' id='word_1_733' title='bbox 409 3836 590 3906; x_wconf 83' lang='lat' dir='ltr'>tantoneqotio</span> <span class='ocrx_word' id='word_1_734' title='bbox 608 3834 710 3907; x_wconf 77' lang='lat' dir='ltr'>judiees</span> <span class='ocrx_word' id='word_1_735' title='bbox 724 3834 941 3906; x_wconf 71' lang='lat' dir='ltr'>vociferabantur,</span> <span class='ocrx_word' id='word_1_736' title='bbox 995 3835 1095 3905; x_wconf 85' lang='lat' dir='ltr'>(bloon</span> <span class='ocrx_word' id='word_1_737' title='bbox 1115 3833 1204 3889; x_wconf 85' lang='lat' dir='ltr'>statim</span> <span class='ocrx_word' id='word_1_738' title='bbox 1225 3834 1325 3903; x_wconf 80' lang='lat' dir='ltr'>cogitet</span> <span class='ocrx_word' id='word_1_739' title='bbox 1338 3849 1390 3888; x_wconf 90' lang='lat' dir='ltr'>nott</span> <span class='ocrx_word' id='word_1_740' title='bbox 1406 3834 1441 3889; x_wconf 86' lang='lat' dir='ltr'>ita</span> <span class='ocrx_word' id='word_1_741' title='bbox 1460 3834 1562 3906; x_wconf 90' lang='lat' dir='ltr'>pridem</span> <span class='ocrx_word' id='word_1_742' title='bbox 1587 3837 1725 3904; x_wconf 76' lang='lat' dir='ltr'>navigasse</span> <span class='ocrx_word' id='word_1_743' title='bbox 1748 3832 1782 3890; x_wconf 83' lang='lat' dir='ltr'>ati</span> 
     </span>
     <span class='ocr_line' id='line_1_52' title="bbox 152 3903 1783 3975; baseline -0.002 -15"><span class='ocrx_word' id='word_1_744' title='bbox 152 3915 183 3960; x_wconf 87' lang='grc' dir='ltr'>ιιι</span> <span class='ocrx_word' id='word_1_745' title='bbox 195 3920 226 3957; x_wconf 89' lang='lat' dir='ltr'>ea</span> <span class='ocrx_word' id='word_1_746' title='bbox 235 3920 292 3974; x_wconf 83' lang='lat' dir='ltr'>qtroe</span> <span class='ocrx_word' id='word_1_747' title='bbox 304 3906 506 3975; x_wconf 72' lang='lat' dir='ltr'>subreptoribus</span> <span class='ocrx_word' id='word_1_748' title='bbox 519 3915 578 3960; x_wconf 86' lang='lat' dir='ltr'>oete</span> <span class='ocrx_word' id='word_1_749' title='bbox 595 3905 726 3959; x_wconf 85' lang='lat' dir='ltr'>constabat</span> <span class='ocrx_word' id='word_1_750' title='bbox 736 3907 941 3959; x_wconf 84' lang='lat' dir='ltr'>emendarentur.</span> <span class='ocrx_word' id='word_1_751' title='bbox 994 3906 1149 3960; x_wconf 91' lang='lat' dir='ltr'>cantilatttm</span> <span class='ocrx_word' id='word_1_752' title='bbox 1172 3904 1314 3975; x_wconf 88' lang='lat' dir='ltr'>episcopos</span> <span class='ocrx_word' id='word_1_753' title='bbox 1333 3903 1473 3960; x_wconf 82' lang='lat' dir='ltr'>ulrlcsnos</span> <span class='ocrx_word' id='word_1_754' title='bbox 1492 3905 1589 3969; x_wconf 85' lang='lat' dir='ltr'>aliattid</span> <span class='ocrx_word' id='word_1_755' title='bbox 1609 3905 1643 3958; x_wconf 88' lang='lat' dir='ltr'>alt</span> <span class='ocrx_word' id='word_1_756' title='bbox 1665 3904 1783 3958; x_wconf 88' lang='lat' dir='ltr'>lionorio</span> 
     </span>
     <span class='ocr_line' id='line_1_53' title="bbox 152 3973 1783 4098; baseline 0.001 -72"><span class='ocrx_word' id='word_1_757' title='bbox 152 3975 324 4098; x_wconf 71' lang='lat' dir='ltr'>potiusquam</span> <span class='ocrx_word' id='word_1_758' title='bbox 338 3978 489 4046; x_wconf 85' lang='lat' dir='ltr'>punirentur</span> <span class='ocrx_word' id='word_1_759' title='bbox 502 3973 693 4031; x_wconf 73' lang='lat' dir='ltr'>examinabor</span> <span class='ocrx_word' id='word_1_760' title='bbox 707 3986 819 4058; x_wconf 85' lang='lat' dir='ltr'>possunt</span> <span class='ocrx_word' id='word_1_761' title='bbox 831 3975 943 4045; x_wconf 88' lang='lat' dir='ltr'>intelligi</span> <span class='ocrx_word' id='word_1_762' title='bbox 995 3975 1201 4043; x_wconf 84' lang='lat' dir='ltr'>impetraturos,</span> <span class='ocrx_word' id='word_1_763' title='bbox 1222 3975 1292 4045; x_wconf 91' lang='lat' dir='ltr'>qnod</span> <span class='ocrx_word' id='word_1_764' title='bbox 1319 3974 1427 4030; x_wconf 74' lang='lat' dir='ltr'>zosimo</span> <span class='ocrx_word' id='word_1_765' title='bbox 1449 3975 1630 4043; x_wconf 85' lang='lat' dir='ltr'>displicuerit,</span> <span class='ocrx_word' id='word_1_766' title='bbox 1644 3974 1722 4043; x_wconf 92' lang='lat' dir='ltr'>eique</span> <span class='ocrx_word' id='word_1_767' title='bbox 1734 3973 1783 4027; x_wconf 80' lang='lat' dir='ltr'>in·</span> 
     </span>
     <span class='ocr_line' id='line_1_54' title="bbox 176 4041 1783 4117; baseline 0.001 -22"><span class='ocrx_word' id='word_1_768' title='bbox 176 4060 213 4097; x_wconf 75' lang='lat' dir='ltr'>ac</span> <span class='ocrx_word' id='word_1_769' title='bbox 225 4043 322 4106; x_wconf 74' lang='lat' dir='ltr'>iuliani</span> <span class='ocrx_word' id='word_1_770' title='bbox 336 4047 418 4100; x_wconf 83' lang='lat' dir='ltr'>uerba</span> <span class='ocrx_word' id='word_1_771' title='bbox 431 4045 465 4101; x_wconf 90' lang='lat' dir='ltr'>de</span> <span class='ocrx_word' id='word_1_772' title='bbox 478 4044 620 4116; x_wconf 87' lang='lat' dir='ltr'>posteriori</span> <span class='ocrx_word' id='word_1_773' title='bbox 632 4043 753 4115; x_wconf 84' lang='lat' dir='ltr'>judicto,</span> <span class='ocrx_word' id='word_1_774' title='bbox 770 4061 823 4110; x_wconf 88' lang='lat' dir='ltr'>quo</span> <span class='ocrx_word' id='word_1_775' title='bbox 835 4056 945 4100; x_wconf 84' lang='lat' dir='ltr'>senten·</span> <span class='ocrx_word' id='word_1_776' title='bbox 994 4053 1101 4117; x_wconf 78' lang='lat' dir='ltr'>porttme</span> <span class='ocrx_word' id='word_1_777' title='bbox 1116 4044 1233 4099; x_wconf 85' lang='lat' dir='ltr'>cltctunn</span> <span class='ocrx_word' id='word_1_778' title='bbox 1247 4049 1332 4100; x_wconf 84' lang='lat' dir='ltr'>nisum</span> <span class='ocrx_word' id='word_1_779' title='bbox 1354 4044 1451 4100; x_wconf 82' lang='lat' dir='ltr'>lueriti</span> <span class='ocrx_word' id='word_1_780' title='bbox 1467 4045 1523 4112; x_wconf 80' lang='lat' dir='ltr'>Qua</span> <span class='ocrx_word' id='word_1_781' title='bbox 1535 4057 1599 4099; x_wconf 85' lang='lat' dir='ltr'>tero</span> <span class='ocrx_word' id='word_1_782' title='bbox 1624 4041 1783 4108; x_wconf 78' lang='lat' dir='ltr'>occasione,</span> 
     </span>
     <span class='ocr_line' id='line_1_55' title="bbox 153 4112 1786 4238; baseline -0.002 -69"><span class='ocrx_word' id='word_1_783' title='bbox 153 4116 220 4169; x_wconf 88' lang='lat' dir='ltr'>tiam</span> <span class='ocrx_word' id='word_1_784' title='bbox 238 4113 336 4170; x_wconf 83' lang='lat' dir='ltr'>Zosimi</span> <span class='ocrx_word' id='word_1_785' title='bbox 353 4117 450 4186; x_wconf 82' lang='lat' dir='ltr'>corrigi</span> <span class='ocrx_word' id='word_1_786' title='bbox 466 4115 631 4185; x_wconf 90' lang='lat' dir='ltr'>postularent</span> <span class='ocrx_word' id='word_1_787' title='bbox 642 4114 787 4238; x_wconf 66' lang='lat' dir='ltr'>Pelopiam.</span> <span class='ocrx_word' id='word_1_788' title='bbox 798 4115 854 4183; x_wconf 82' lang='lat' dir='ltr'>era</span> <span class='ocrx_word' id='word_1_789' title='bbox 870 4114 943 4170; x_wconf 89' lang='lat' dir='ltr'>enim</span> <span class='ocrx_word' id='word_1_790' title='bbox 996 4114 1046 4168; x_wconf 90' lang='lat' dir='ltr'>nisi</span> <span class='ocrx_word' id='word_1_791' title='bbox 1059 4113 1192 4185; x_wconf 84' lang='lat' dir='ltr'>Pelagiani</span> <span class='ocrx_word' id='word_1_792' title='bbox 1204 4115 1319 4184; x_wconf 83' lang='lat' dir='ltr'>negotii.</span> <span class='ocrx_word' id='word_1_793' title='bbox 1330 4115 1400 4185; x_wconf 75' lang='lat' dir='ltr'>queo</span> <span class='ocrx_word' id='word_1_794' title='bbox 1413 4117 1490 4171; x_wconf 86' lang='lat' dir='ltr'>attice</span> <span class='ocrx_word' id='word_1_795' title='bbox 1501 4114 1638 4169; x_wconf 83' lang='lat' dir='ltr'>blricanos</span> <span class='ocrx_word' id='word_1_796' title='bbox 1650 4112 1786 4176; x_wconf 76' lang='lat' dir='ltr'>superiori</span> 
     </span>
     <span class='ocr_line' id='line_1_56' title="bbox 153 4182 1787 4258; baseline -0.003 -18"><span class='ocrx_word' id='word_1_797' title='bbox 153 4184 509 4255; x_wconf 83' lang='lat' dir='ltr'>impudentiasubreptitiam</span> <span class='ocrx_word' id='word_1_798' title='bbox 521 4184 705 4241; x_wconf 86' lang='lat' dir='ltr'>clantassentil</span> <span class='ocrx_word' id='word_1_799' title='bbox 718 4200 760 4238; x_wconf 91' lang='lat' dir='ltr'>am</span> <span class='ocrx_word' id='word_1_800' title='bbox 772 4184 943 4249; x_wconf 86' lang='lat' dir='ltr'>seutcrrtinm,</span> <span class='ocrx_word' id='word_1_801' title='bbox 996 4199 1068 4238; x_wconf 91' lang='lat' dir='ltr'>anno</span> <span class='ocrx_word' id='word_1_802' title='bbox 1082 4192 1226 4254; x_wconf 86' lang='lat' dir='ltr'>occupatos</span> <span class='ocrx_word' id='word_1_803' title='bbox 1240 4184 1379 4258; x_wconf 68' lang='lat' dir='ltr'>tenuerat?</span> <span class='ocrx_word' id='word_1_804' title='bbox 1397 4183 1601 4241; x_wconf 78' lang='lat' dir='ltr'>Observandum</span> <span class='ocrx_word' id='word_1_805' title='bbox 1618 4196 1698 4247; x_wconf 89' lang='lat' dir='ltr'>porro</span> <span class='ocrx_word' id='word_1_806' title='bbox 1717 4182 1787 4238; x_wconf 83' lang='lat' dir='ltr'>nibli</span> 
     </span>
     <span class='ocr_line' id='line_1_57' title="bbox 153 4251 1786 4325; baseline -0.002 -17"><span class='ocrx_word' id='word_1_807' title='bbox 153 4254 199 4308; x_wconf 90' lang='lat' dir='ltr'>eui</span> <span class='ocrx_word' id='word_1_808' title='bbox 220 4255 382 4309; x_wconf 84' lang='lat' dir='ltr'>adrrrnaudse</span> <span class='ocrx_word' id='word_1_809' title='bbox 400 4270 487 4311; x_wconf 90' lang='lat' dir='ltr'>annus</span> <span class='ocrx_word' id='word_1_810' title='bbox 506 4253 808 4325; x_wconf 73' lang='lat' dir='ltr'>integerrumisque,</span> <span class='ocrx_word' id='word_1_811' title='bbox 824 4262 851 4311; x_wconf 91' lang='lat' dir='ltr'>et</span> <span class='ocrx_word' id='word_1_812' title='bbox 865 4253 944 4308; x_wconf 84' lang='lat' dir='ltr'>abeo</span> <span class='ocrx_word' id='word_1_813' title='bbox 996 4254 1030 4309; x_wconf 86' lang='lat' dir='ltr'>ad</span> <span class='ocrx_word' id='word_1_814' title='bbox 1046 4254 1114 4310; x_wconf 88' lang='lat' dir='ltr'>istud</span> <span class='ocrx_word' id='word_1_815' title='bbox 1134 4254 1332 4310; x_wconf 89' lang='lat' dir='ltr'>commonitorii</span> <span class='ocrx_word' id='word_1_816' title='bbox 1349 4264 1431 4323; x_wconf 87' lang='lat' dir='ltr'>eaput</span> <span class='ocrx_word' id='word_1_817' title='bbox 1448 4268 1509 4310; x_wconf 87' lang='lat' dir='ltr'>csse</span> <span class='ocrx_word' id='word_1_818' title='bbox 1529 4254 1564 4308; x_wconf 90' lang='lat' dir='ltr'>ab</span> <span class='ocrx_word' id='word_1_819' title='bbox 1588 4251 1719 4308; x_wconf 84' lang='lat' dir='ltr'>biriesnis</span> <span class='ocrx_word' id='word_1_820' title='bbox 1738 4266 1786 4306; x_wconf 52' lang='lat' dir='ltr'>rea</span> 
     </span>
     <span class='ocr_line' id='line_1_58' title="bbox 150 4321 1786 4394; baseline 0 -18"><span class='ocrx_word' id='word_1_821' title='bbox 150 4322 244 4392; x_wconf 83' lang='lat' dir='ltr'>judice</span> <span class='ocrx_word' id='word_1_822' title='bbox 255 4326 298 4393; x_wconf 85' lang='lat' dir='ltr'>qul</span> <span class='ocrx_word' id='word_1_823' title='bbox 309 4339 355 4394; x_wconf 88' lang='lat' dir='ltr'>per</span> <span class='ocrx_word' id='word_1_824' title='bbox 365 4333 450 4380; x_wconf 88' lang='lat' dir='ltr'>totum</span> <span class='ocrx_word' id='word_1_825' title='bbox 461 4325 526 4381; x_wconf 90' lang='lat' dir='ltr'>illud</span> <span class='ocrx_word' id='word_1_826' title='bbox 535 4333 639 4394; x_wconf 88' lang='lat' dir='ltr'>tempus</span> <span class='ocrx_word' id='word_1_827' title='bbox 652 4324 785 4380; x_wconf 73' lang='lat' dir='ltr'>faciliores</span> <span class='ocrx_word' id='word_1_828' title='bbox 798 4325 851 4378; x_wconf 91' lang='lat' dir='ltr'>illis</span> <span class='ocrx_word' id='word_1_829' title='bbox 863 4338 942 4379; x_wconf 88' lang='lat' dir='ltr'>aurea</span> <span class='ocrx_word' id='word_1_830' title='bbox 996 4337 1137 4393; x_wconf 87' lang='lat' dir='ltr'>sponsum,</span> <span class='ocrx_word' id='word_1_831' title='bbox 1145 4323 1221 4394; x_wconf 88' lang='lat' dir='ltr'>quasi</span> <span class='ocrx_word' id='word_1_832' title='bbox 1234 4324 1394 4393; x_wconf 85' lang='lat' dir='ltr'>legationem</span> <span class='ocrx_word' id='word_1_833' title='bbox 1404 4339 1418 4377; x_wconf 87' lang='lat' dir='ltr'>a</span> <span class='ocrx_word' id='word_1_834' title='bbox 1427 4340 1457 4380; x_wconf 86' lang='lat' dir='ltr'>se</span> <span class='ocrx_word' id='word_1_835' title='bbox 1468 4325 1576 4379; x_wconf 87' lang='lat' dir='ltr'>missam</span> <span class='ocrx_word' id='word_1_836' title='bbox 1584 4323 1616 4378; x_wconf 91' lang='lat' dir='ltr'>ad</span> <span class='ocrx_word' id='word_1_837' title='bbox 1627 4321 1786 4383; x_wconf 78' lang='lat' dir='ltr'>comitaturis</span> 
     </span>
     <span class='ocr_line' id='line_1_59' title="bbox 154 4392 1785 4466; baseline -0.001 -18"><span class='ocrx_word' id='word_1_838' title='bbox 154 4395 264 4462; x_wconf 81' lang='lat' dir='ltr'>precone</span> <span class='ocrx_word' id='word_1_839' title='bbox 279 4404 318 4460; x_wconf 91' lang='lat' dir='ltr'>at,</span> <span class='ocrx_word' id='word_1_840' title='bbox 330 4397 363 4449; x_wconf 94' lang='lat' dir='ltr'>de</span> <span class='ocrx_word' id='word_1_841' title='bbox 373 4412 466 4450; x_wconf 90' lang='lat' dir='ltr'>eorum</span> <span class='ocrx_word' id='word_1_842' title='bbox 481 4395 630 4452; x_wconf 88' lang='lat' dir='ltr'>innocentia</span> <span class='ocrx_word' id='word_1_843' title='bbox 647 4402 700 4449; x_wconf 90' lang='lat' dir='ltr'>tam</span> <span class='ocrx_word' id='word_1_844' title='bbox 715 4397 815 4450; x_wconf 85' lang='lat' dir='ltr'>anticas</span> <span class='ocrx_word' id='word_1_845' title='bbox 828 4394 859 4449; x_wconf 90' lang='lat' dir='ltr'>ad</span> <span class='ocrx_word' id='word_1_846' title='bbox 871 4394 945 4449; x_wconf 82' lang='lat' dir='ltr'>atri·</span> <span class='ocrx_word' id='word_1_847' title='bbox 995 4395 1069 4448; x_wconf 90' lang='lat' dir='ltr'>uitro</span> <span class='ocrx_word' id='word_1_848' title='bbox 1082 4395 1136 4449; x_wconf 83' lang='lat' dir='ltr'>sint</span> <span class='ocrx_word' id='word_1_849' title='bbox 1157 4393 1295 4461; x_wconf 82' lang='lat' dir='ltr'>confessi,</span> <span class='ocrx_word' id='word_1_850' title='bbox 1310 4393 1429 4466; x_wconf 89' lang='lat' dir='ltr'>nibilqne</span> <span class='ocrx_word' id='word_1_851' title='bbox 1443 4409 1492 4450; x_wconf 88' lang='lat' dir='ltr'>sno</span> <span class='ocrx_word' id='word_1_852' title='bbox 1503 4393 1557 4465; x_wconf 83' lang='lat' dir='ltr'>juri</span> <span class='ocrx_word' id='word_1_853' title='bbox 1570 4392 1620 4447; x_wconf 84' lang='lat' dir='ltr'>bae</span> <span class='ocrx_word' id='word_1_854' title='bbox 1639 4393 1665 4447; x_wconf 92' lang='lat' dir='ltr'>in</span> <span class='ocrx_word' id='word_1_855' title='bbox 1681 4406 1711 4447; x_wconf 89' lang='lat' dir='ltr'>ra</span> <span class='ocrx_word' id='word_1_856' title='bbox 1733 4393 1785 4447; x_wconf 54' lang='lat' dir='ltr'>des</span> 
     </span>
     <span class='ocr_line' id='line_1_60' title="bbox 152 4463 1594 4562; baseline -0.001 -44"><span class='ocrx_word' id='word_1_857' title='bbox 152 4478 238 4518; x_wconf 76' lang='lat' dir='ltr'>cantu</span> <span class='ocrx_word' id='word_1_858' title='bbox 252 4465 362 4520; x_wconf 83' lang='lat' dir='ltr'>dederat</span> <span class='ocrx_word' id='word_1_859' title='bbox 373 4465 486 4527; x_wconf 81' lang='lat' dir='ltr'>litteras.</span> <span class='ocrx_word' id='word_1_860' title='bbox 501 4474 528 4521; x_wconf 90' lang='lat' dir='ltr'>et</span> <span class='ocrx_word' id='word_1_861' title='bbox 542 4475 643 4521; x_wconf 89' lang='lat' dir='ltr'>tanturn</span> <span class='ocrx_word' id='word_1_862' title='bbox 655 4478 701 4518; x_wconf 90' lang='lat' dir='ltr'>eos</span> <span class='ocrx_word' id='word_1_863' title='bbox 711 4478 764 4518; x_wconf 89' lang='lat' dir='ltr'>aon</span> <span class='ocrx_word' id='word_1_864' title='bbox 777 4465 944 4520; x_wconf 75' lang='lat' dir='ltr'>absolverat</span> <span class='ocrx_word' id='word_1_865' title='bbox 957 4500 982 4562; x_wconf 71' lang='lat' dir='ltr'>D</span> <span class='ocrx_word' id='word_1_866' title='bbox 996 4464 1066 4521; x_wconf 87' lang='lat' dir='ltr'>trabi</span> <span class='ocrx_word' id='word_1_867' title='bbox 1079 4463 1259 4528; x_wconf 86' lang='lat' dir='ltr'>permiserint.</span> <span class='ocrx_word' id='word_1_868' title='bbox 1592 4531 1594 4537; x_wconf 27' lang='grc' dir='ltr'>Ι</span> 
     </span>
     <span class='ocr_line' id='line_1_61' title="bbox 153 4531 1786 4606; baseline 0.001 -20"><span class='ocrx_word' id='word_1_869' title='bbox 153 4532 250 4599; x_wconf 80' lang='lat' dir='ltr'>Quodi</span> <span class='ocrx_word' id='word_1_870' title='bbox 271 4534 323 4589; x_wconf 92' lang='lat' dir='ltr'>itur</span> <span class='ocrx_word' id='word_1_871' title='bbox 338 4535 388 4590; x_wconf 90' lang='lat' dir='ltr'>boc</span> <span class='ocrx_word' id='word_1_872' title='bbox 400 4537 458 4591; x_wconf 90' lang='lat' dir='ltr'>loen</span> <span class='ocrx_word' id='word_1_873' title='bbox 471 4535 592 4591; x_wconf 79' lang='lat' dir='ltr'>Julianus</span> <span class='ocrx_word' id='word_1_874' title='bbox 605 4534 708 4598; x_wconf 83' lang='lat' dir='ltr'>scribit,</span> <span class='ocrx_word' id='word_1_875' title='bbox 724 4533 774 4589; x_wconf 92' lang='lat' dir='ltr'>boe</span> <span class='ocrx_word' id='word_1_876' title='bbox 790 4537 875 4606; x_wconf 90' lang='lat' dir='ltr'>ipsunt</span> <span class='ocrx_word' id='word_1_877' title='bbox 890 4545 941 4601; x_wconf 92' lang='lat' dir='ltr'>est,</span> <span class='ocrx_word' id='word_1_878' title='bbox 1029 4533 1126 4591; x_wconf 77' lang='lat' dir='ltr'>xxix.</span> <span class='ocrx_word' id='word_1_879' title='bbox 1138 4531 1452 4604; x_wconf 73' lang='lat' dir='ltr'>Commentitiabippiiboc</span> <span class='ocrx_word' id='word_1_880' title='bbox 1459 4541 1571 4602; x_wconf 79' lang='lat' dir='ltr'>tenpore</span> <span class='ocrx_word' id='word_1_881' title='bbox 1579 4533 1680 4604; x_wconf 74' lang='lat' dir='ltr'>topatio.</span> <span class='ocrx_word' id='word_1_882' title='bbox 1692 4562 1727 4573; x_wconf 97' lang='lat'>-</span> <span class='ocrx_word' id='word_1_883' title='bbox 1742 4532 1786 4596; x_wconf 72' lang='lat' dir='ltr'>aa</span> 
     </span>
     <span class='ocr_line' id='line_1_62' title="bbox 153 4551 1781 4678; baseline 0 -22"><span class='ocrx_word' id='word_1_884' title='bbox 153 4604 227 4673; x_wconf 87' lang='lat' dir='ltr'>quod</span> <span class='ocrx_word' id='word_1_885' title='bbox 242 4551 383 4660; x_wconf 63' lang='lat' dir='ltr'>(ictuum</span> <span class='ocrx_word' id='word_1_886' title='bbox 397 4607 481 4678; x_wconf 79' lang='grc'>818</span> <span class='ocrx_word' id='word_1_887' title='bbox 494 4613 555 4676; x_wconf 89' lang='lat' dir='ltr'>post</span> <span class='ocrx_word' id='word_1_888' title='bbox 563 4604 710 4659; x_wconf 87' lang='lat' dir='ltr'>iunocentii</span> <span class='ocrx_word' id='word_1_889' title='bbox 725 4603 943 4662; x_wconf 62' lang='lat' dir='ltr'>neritonensi</span> <span class='ocrx_word' id='word_1_890' title='bbox 995 4605 1038 4660; x_wconf 89' lang='lat' dir='ltr'>bis</span> <span class='ocrx_word' id='word_1_891' title='bbox 1048 4620 1106 4673; x_wconf 72' lang='lat' dir='ltr'>quae</span> <span class='ocrx_word' id='word_1_892' title='bbox 1126 4603 1160 4660; x_wconf 87' lang='lat' dir='ltr'>de</span> <span class='ocrx_word' id='word_1_893' title='bbox 1173 4603 1332 4658; x_wconf 81' lang='lat' dir='ltr'>Vindemiaii</span> <span class='ocrx_word' id='word_1_894' title='bbox 1347 4605 1472 4673; x_wconf 83' lang='lat' dir='ltr'>episcopo</span> <span class='ocrx_word' id='word_1_895' title='bbox 1484 4602 1679 4658; x_wconf 81' lang='lat' dir='ltr'>Rauennamad</span> <span class='ocrx_word' id='word_1_896' title='bbox 1694 4604 1781 4657; x_wconf 90' lang='lat' dir='ltr'>corui·</span> 
     </span>
     <span class='ocr_line' id='line_1_63' title="bbox 151 4670 1787 4746; baseline 0 -19"><span class='ocrx_word' id='word_1_897' title='bbox 151 4683 219 4727; x_wconf 88' lang='lat' dir='ltr'>aute</span> <span class='ocrx_word' id='word_1_898' title='bbox 231 4670 330 4729; x_wconf 80' lang='lat' dir='ltr'>Zosimi</span> <span class='ocrx_word' id='word_1_899' title='bbox 340 4679 499 4731; x_wconf 83' lang='lat' dir='ltr'>serrteutistn</span> <span class='ocrx_word' id='word_1_900' title='bbox 515 4675 656 4746; x_wconf 69' lang='lat' dir='ltr'>pascebam</span> <span class='ocrx_word' id='word_1_901' title='bbox 669 4675 798 4744; x_wconf 85' lang='lat' dir='ltr'>cumipse</span> <span class='ocrx_word' id='word_1_902' title='bbox 811 4685 878 4731; x_wconf 76' lang='lat' dir='ltr'>teste</span> <span class='ocrx_word' id='word_1_903' title='bbox 893 4675 943 4730; x_wconf 83' lang='lat' dir='ltr'>Zo·</span> <span class='ocrx_word' id='word_1_904' title='bbox 995 4674 1170 4731; x_wconf 86' lang='lat' dir='ltr'>tatummissn</span> <span class='ocrx_word' id='word_1_905' title='bbox 1180 4689 1227 4743; x_wconf 93' lang='lat' dir='ltr'>pru</span> <span class='ocrx_word' id='word_1_906' title='bbox 1237 4676 1428 4728; x_wconf 83' lang='lat' dir='ltr'>constitutione</span> <span class='ocrx_word' id='word_1_907' title='bbox 1439 4673 1583 4736; x_wconf 82' lang='lat' dir='ltr'>obtinenda</span> <span class='ocrx_word' id='word_1_908' title='bbox 1596 4674 1722 4736; x_wconf 84' lang='lat' dir='ltr'>diximus,</span> <span class='ocrx_word' id='word_1_909' title='bbox 1736 4671 1787 4732; x_wconf 84' lang='lat' dir='ltr'>sed</span> 
     </span>
     <span class='ocr_line' id='line_1_64' title="bbox 152 4742 1784 4815; baseline -0.001 -18"><span class='ocrx_word' id='word_1_910' title='bbox 152 4742 224 4797; x_wconf 86' lang='lat' dir='ltr'>sima</span> <span class='ocrx_word' id='word_1_911' title='bbox 238 4758 304 4813; x_wconf 87' lang='lat' dir='ltr'>papa</span> <span class='ocrx_word' id='word_1_912' title='bbox 318 4745 343 4797; x_wconf 92' lang='lat' dir='ltr'>in</span> <span class='ocrx_word' id='word_1_913' title='bbox 357 4747 443 4813; x_wconf 78' lang='lat' dir='ltr'>prima</span> <span class='ocrx_word' id='word_1_914' title='bbox 453 4746 531 4801; x_wconf 91' lang='lat' dir='ltr'>trium</span> <span class='ocrx_word' id='word_1_915' title='bbox 551 4745 722 4814; x_wconf 86' lang='lat' dir='ltr'>epistolarum</span> <span class='ocrx_word' id='word_1_916' title='bbox 735 4745 797 4815; x_wconf 79' lang='lat' dir='ltr'>(nd.</span> <span class='ocrx_word' id='word_1_917' title='bbox 813 4745 893 4815; x_wconf 71' lang='lat' dir='ltr'>Afric.</span> <span class='ocrx_word' id='word_1_918' title='bbox 908 4748 942 4815; x_wconf 86' lang='grc' dir='ltr'>ι),</span> <span class='ocrx_word' id='word_1_919' title='bbox 995 4743 1606 4813; x_wconf 85' lang='lat' dir='ltr'>etexsilentioscriptoram,etanescitcurum</span> <span class='ocrx_word' id='word_1_920' title='bbox 1617 4746 1784 4808; x_wconf 84' lang='lat' dir='ltr'>conjectura,</span> 
     </span>
     <span class='ocr_line' id='line_1_65' title="bbox 152 4810 1783 4885; baseline -0.002 -17"><span class='ocrx_word' id='word_1_921' title='bbox 152 4812 274 4868; x_wconf 82' lang='lat' dir='ltr'>Romano</span> <span class='ocrx_word' id='word_1_922' title='bbox 288 4830 315 4868; x_wconf 89' lang='lat' dir='ltr'>se</span> <span class='ocrx_word' id='word_1_923' title='bbox 324 4815 427 4885; x_wconf 82' lang='lat' dir='ltr'>ingessit</span> <span class='ocrx_word' id='word_1_924' title='bbox 436 4816 547 4871; x_wconf 84' lang='lat' dir='ltr'>eramini</span> <span class='ocrx_word' id='word_1_925' title='bbox 560 4825 678 4884; x_wconf 76' lang='lat' dir='ltr'>repetens</span> <span class='ocrx_word' id='word_1_926' title='bbox 690 4830 720 4868; x_wconf 91' lang='lat' dir='ltr'>ea</span> <span class='ocrx_word' id='word_1_927' title='bbox 729 4831 785 4885; x_wconf 86' lang='lat' dir='ltr'>qua</span> <span class='ocrx_word' id='word_1_928' title='bbox 797 4815 829 4870; x_wconf 91' lang='lat' dir='ltr'>de</span> <span class='ocrx_word' id='word_1_929' title='bbox 842 4833 868 4870; x_wconf 87' lang='lat' dir='ltr'>sc</span> <span class='ocrx_word' id='word_1_930' title='bbox 877 4833 942 4885; x_wconf 87' lang='lat' dir='ltr'>apo·</span> <span class='ocrx_word' id='word_1_931' title='bbox 995 4814 1169 4885; x_wconf 72' lang='lat' dir='ltr'>quintuplum</span> <span class='ocrx_word' id='word_1_932' title='bbox 1183 4826 1215 4867; x_wconf 86' lang='lat' dir='ltr'>aa</span> <span class='ocrx_word' id='word_1_933' title='bbox 1221 4813 1362 4869; x_wconf 84' lang='lat' dir='ltr'>occasione</span> <span class='ocrx_word' id='word_1_934' title='bbox 1375 4812 1491 4883; x_wconf 83' lang='lat' dir='ltr'>legatum</span> <span class='ocrx_word' id='word_1_935' title='bbox 1508 4821 1634 4884; x_wconf 87' lang='lat' dir='ltr'>putarunt</span> <span class='ocrx_word' id='word_1_936' title='bbox 1645 4810 1670 4867; x_wconf 81' lang='lat' dir='ltr'>in</span> <span class='ocrx_word' id='word_1_937' title='bbox 1680 4811 1783 4868; x_wconf 86' lang='lat' dir='ltr'>italiarn</span> 
     </span>
     <span class='ocr_line' id='line_1_66' title="bbox 151 4881 1783 4957; baseline -0.003 -19"><span class='ocrx_word' id='word_1_938' title='bbox 151 4881 253 4938; x_wconf 83' lang='lat' dir='ltr'>stolieoe</span> <span class='ocrx_word' id='word_1_939' title='bbox 265 4885 321 4938; x_wconf 87' lang='lat' dir='ltr'>sedi</span> <span class='ocrx_word' id='word_1_940' title='bbox 333 4886 409 4939; x_wconf 89' lang='lat' dir='ltr'>aliter</span> <span class='ocrx_word' id='word_1_941' title='bbox 429 4902 505 4954; x_wconf 87' lang='lat' dir='ltr'>qamn</span> <span class='ocrx_word' id='word_1_942' title='bbox 522 4887 633 4957; x_wconf 88' lang='lat' dir='ltr'>oportuit</span> <span class='ocrx_word' id='word_1_943' title='bbox 643 4887 865 4940; x_wconf 76' lang='lat' dir='ltr'>esuatineutcata</span> <span class='ocrx_word' id='word_1_944' title='bbox 878 4901 939 4957; x_wconf 85' lang='lat' dir='ltr'>por·</span> <span class='ocrx_word' id='word_1_945' title='bbox 996 4885 1031 4940; x_wconf 85' lang='lat' dir='ltr'>ab</span> <span class='ocrx_word' id='word_1_946' title='bbox 1045 4883 1197 4947; x_wconf 73' lang='lat' dir='ltr'>Africanis,</span> <span class='ocrx_word' id='word_1_947' title='bbox 1213 4884 1294 4954; x_wconf 89' lang='lat' dir='ltr'>siqui</span> <span class='ocrx_word' id='word_1_948' title='bbox 1310 4895 1400 4938; x_wconf 88' lang='lat' dir='ltr'>tamen</span> <span class='ocrx_word' id='word_1_949' title='bbox 1418 4899 1511 4939; x_wconf 83' lang='lat' dir='ltr'>resera</span> <span class='ocrx_word' id='word_1_950' title='bbox 1537 4885 1601 4951; x_wconf 88' lang='lat' dir='ltr'>sint,</span> <span class='ocrx_word' id='word_1_951' title='bbox 1616 4883 1662 4955; x_wconf 89' lang='lat' dir='ltr'>qui</span> <span class='ocrx_word' id='word_1_952' title='bbox 1685 4883 1721 4937; x_wconf 88' lang='lat' dir='ltr'>ita</span> <span class='ocrx_word' id='word_1_953' title='bbox 1734 4881 1783 4934; x_wconf 57' lang='lat' dir='ltr'>alis</span> 
     </span>
    </p>
   </div>
   <div class='ocr_carea' id='block_1_5' title="bbox 153 4951 1876 5026">
    <p class='ocr_par' dir='ltr' id='par_1_5' title="bbox 153 4951 1876 5026">
     <span class='ocr_line' id='line_1_67' title="bbox 153 4951 1876 5026; baseline 0 -21"><span class='ocrx_word' id='word_1_954' title='bbox 153 4954 223 5023; x_wconf 80' lang='lat' dir='ltr'>pari.</span> <span class='ocrx_word' id='word_1_955' title='bbox 238 4952 305 5008; x_wconf 88' lang='lat' dir='ltr'>iluie</span> <span class='ocrx_word' id='word_1_956' title='bbox 319 4955 434 5011; x_wconf 82' lang='lat' dir='ltr'>examini</span> <span class='ocrx_word' id='word_1_957' title='bbox 450 4960 536 5012; x_wconf 90' lang='lat' dir='ltr'>locum</span> <span class='ocrx_word' id='word_1_958' title='bbox 560 4966 718 5026; x_wconf 82' lang='lat' dir='ltr'>terrrpnsque</span> <span class='ocrx_word' id='word_1_959' title='bbox 741 4969 795 5012; x_wconf 90' lang='lat' dir='ltr'>non</span> <span class='ocrx_word' id='word_1_960' title='bbox 808 4970 868 5011; x_wconf 86' lang='lat' dir='ltr'>esse</span> <span class='ocrx_word' id='word_1_961' title='bbox 883 4970 944 5025; x_wconf 88' lang='lat' dir='ltr'>pcr-</span> <span class='ocrx_word' id='word_1_962' title='bbox 997 4954 1258 5022; x_wconf 87' lang='lat' dir='ltr'>quandosenserint.</span> <span class='ocrx_word' id='word_1_963' title='bbox 1272 4952 1336 5009; x_wconf 81' lang='lat' dir='ltr'>biatu</span> <span class='ocrx_word' id='word_1_964' title='bbox 1350 4954 1419 5025; x_wconf 88' lang='lat' dir='ltr'>qnod</span> <span class='ocrx_word' id='word_1_965' title='bbox 1436 4969 1494 5007; x_wconf 86' lang='lat' dir='ltr'>cato</span> <span class='ocrx_word' id='word_1_966' title='bbox 1516 4955 1669 5025; x_wconf 86' lang='lat' dir='ltr'>opinionem</span> <span class='ocrx_word' id='word_1_967' title='bbox 1684 4951 1783 5006; x_wconf 60' lang='lat' dir='ltr'>doctiss</span> <span class='ocrx_word' id='word_1_968' title='bbox 1873 4985 1876 4994; x_wconf 44' lang='grc' dir='ltr'>ι</span> 
     </span>
    </p>
   </div>
   <div class='ocr_carea' id='block_1_6' title="bbox 153 5022 1795 5307">
    <p class='ocr_par' dir='ltr' id='par_1_6' title="bbox 153 5022 1795 5307">
     <span class='ocr_line' id='line_1_68' title="bbox 154 5022 1795 5094; baseline -0.001 -17"><span class='ocrx_word' id='word_1_969' title='bbox 154 5022 268 5079; x_wconf 83' lang='lat' dir='ltr'>missurn</span> <span class='ocrx_word' id='word_1_970' title='bbox 290 5023 414 5080; x_wconf 89' lang='lat' dir='ltr'>instantia</span> <span class='ocrx_word' id='word_1_971' title='bbox 430 5025 527 5081; x_wconf 79' lang='lat' dir='ltr'>Valet-ii</span> <span class='ocrx_word' id='word_1_972' title='bbox 541 5025 661 5081; x_wconf 83' lang='lat' dir='ltr'>tnllarnrs</span> <span class='ocrx_word' id='word_1_973' title='bbox 674 5039 708 5081; x_wconf 84' lang='lat' dir='ltr'>er</span> <span class='ocrx_word' id='word_1_974' title='bbox 722 5024 874 5081; x_wconf 86' lang='lat' dir='ltr'>laudatione</span> <span class='ocrx_word' id='word_1_975' title='bbox 888 5031 943 5080; x_wconf 81' lang='lat' dir='ltr'>bu·</span> <span class='ocrx_word' id='word_1_976' title='bbox 997 5027 1066 5079; x_wconf 88' lang='lat' dir='ltr'>simo</span> <span class='ocrx_word' id='word_1_977' title='bbox 1080 5024 1210 5081; x_wconf 87' lang='lat' dir='ltr'>cardinali</span> <span class='ocrx_word' id='word_1_978' title='bbox 1229 5024 1344 5080; x_wconf 90' lang='lat' dir='ltr'>Barouio</span> <span class='ocrx_word' id='word_1_979' title='bbox 1364 5024 1468 5094; x_wconf 79' lang='lat' dir='ltr'>altingit</span> <span class='ocrx_word' id='word_1_980' title='bbox 1486 5024 1603 5080; x_wconf 83' lang='lat' dir='ltr'>ioannes</span> <span class='ocrx_word' id='word_1_981' title='bbox 1616 5022 1762 5079; x_wconf 85' lang='lat' dir='ltr'>Garnerius</span> <span class='ocrx_word' id='word_1_982' title='bbox 1783 5058 1795 5086; x_wconf 79' lang='lat'><strong>.</strong></span> 
     </span>
     <span class='ocr_line' id='line_1_69' title="bbox 153 5089 1785 5167; baseline 0 -23"><span class='ocrx_word' id='word_1_983' title='bbox 153 5092 254 5161; x_wconf 84' lang='lat' dir='ltr'>guarini</span> <span class='ocrx_word' id='word_1_984' title='bbox 278 5095 398 5149; x_wconf 87' lang='lat' dir='ltr'>asserit:</span> <span class='ocrx_word' id='word_1_985' title='bbox 420 5112 466 5149; x_wconf 88' lang='lat' dir='ltr'>nec</span> <span class='ocrx_word' id='word_1_986' title='bbox 483 5096 660 5165; x_wconf 85' lang='lat' dir='ltr'>disceptationi</span> <span class='ocrx_word' id='word_1_987' title='bbox 675 5104 773 5167; x_wconf 88' lang='lat' dir='ltr'>tempus</span> <span class='ocrx_word' id='word_1_988' title='bbox 794 5104 839 5149; x_wconf 89' lang='lat' dir='ltr'>out</span> <span class='ocrx_word' id='word_1_989' title='bbox 861 5095 944 5150; x_wconf 86' lang='lat' dir='ltr'>locam</span> <span class='ocrx_word' id='word_1_990' title='bbox 996 5093 1118 5161; x_wconf 81' lang='lat' dir='ltr'>rtroiecto</span> <span class='ocrx_word' id='word_1_991' title='bbox 1142 5095 1278 5150; x_wconf 86' lang='lat' dir='ltr'>memoriae</span> <span class='ocrx_word' id='word_1_992' title='bbox 1298 5095 1401 5162; x_wconf 87' lang='lat' dir='ltr'>lapsnm</span> <span class='ocrx_word' id='word_1_993' title='bbox 1425 5109 1520 5163; x_wconf 80' lang='lat' dir='ltr'>possus</span> <span class='ocrx_word' id='word_1_994' title='bbox 1542 5102 1583 5148; x_wconf 91' lang='lat' dir='ltr'>est</span> <span class='ocrx_word' id='word_1_995' title='bbox 1596 5095 1638 5146; x_wconf 86' lang='lat' dir='ltr'>vir</span> <span class='ocrx_word' id='word_1_996' title='bbox 1652 5089 1785 5150; x_wconf 75' lang='lat' dir='ltr'>cruditus.</span> 
     </span>
     <span class='ocr_line' id='line_1_70' title="bbox 154 5161 1786 5234; baseline -0.002 -17"><span class='ocrx_word' id='word_1_997' title='bbox 154 5165 316 5228; x_wconf 71' lang='lat' dir='ltr'>semeonis,-</span> <span class='ocrx_word' id='word_1_998' title='bbox 343 5166 404 5234; x_wconf 88' lang='lat' dir='ltr'>quia</span> <span class='ocrx_word' id='word_1_999' title='bbox 423 5165 546 5222; x_wconf 83' lang='lat' dir='ltr'>videlieet</span> <span class='ocrx_word' id='word_1_1000' title='bbox 558 5167 673 5221; x_wconf 89' lang='lat' dir='ltr'>edietum</span> <span class='ocrx_word' id='word_1_1001' title='bbox 690 5165 799 5221; x_wconf 89' lang='lat' dir='ltr'>lionorii</span> <span class='ocrx_word' id='word_1_1002' title='bbox 816 5164 944 5221; x_wconf 78' lang='lat' dir='ltr'>corissum</span> <span class='ocrx_word' id='word_1_1003' title='bbox 998 5165 1076 5218; x_wconf 79' lang='lat' dir='ltr'>Enim</span> <span class='ocrx_word' id='word_1_1004' title='bbox 1091 5179 1155 5220; x_wconf 86' lang='lat' dir='ltr'>vero</span> <span class='ocrx_word' id='word_1_1005' title='bbox 1170 5179 1205 5219; x_wconf 90' lang='lat' dir='ltr'>ne</span> <span class='ocrx_word' id='word_1_1006' title='bbox 1218 5164 1320 5234; x_wconf 87' lang='lat' dir='ltr'>apicem</span> <span class='ocrx_word' id='word_1_1007' title='bbox 1334 5163 1440 5234; x_wconf 88' lang='lat' dir='ltr'>quidem</span> <span class='ocrx_word' id='word_1_1008' title='bbox 1456 5162 1640 5232; x_wconf 86' lang='lat' dir='ltr'>deprehendas</span> <span class='ocrx_word' id='word_1_1009' title='bbox 1655 5163 1681 5216; x_wconf 91' lang='lat' dir='ltr'>ia</span> <span class='ocrx_word' id='word_1_1010' title='bbox 1695 5161 1786 5215; x_wconf 61' lang='lat' dir='ltr'>bonan</span> 
     </span>
     <span class='ocr_line' id='line_1_71' title="bbox 154 5231 1786 5307; baseline 0.002 -19"><span class='ocrx_word' id='word_1_1011' title='bbox 154 5238 200 5287; x_wconf 86' lang='lat' dir='ltr'>est</span> <span class='ocrx_word' id='word_1_1012' title='bbox 211 5247 247 5288; x_wconf 84' lang='lat' dir='ltr'>cs</span> <span class='ocrx_word' id='word_1_1013' title='bbox 262 5234 669 5307; x_wconf 76' lang='lat' dir='ltr'>alricauorumsoggestioneet</span> <span class='ocrx_word' id='word_1_1014' title='bbox 681 5236 817 5307; x_wconf 71' lang='lat' dir='ltr'>dilzgeotia</span> <span class='ocrx_word' id='word_1_1015' title='bbox 834 5235 943 5301; x_wconf 76' lang='lat' dir='ltr'>Valerii,</span> <span class='ocrx_word' id='word_1_1016' title='bbox 997 5234 1081 5301; x_wconf 90' lang='lat' dir='ltr'>libus,</span> <span class='ocrx_word' id='word_1_1017' title='bbox 1095 5235 1140 5306; x_wconf 90' lang='lat' dir='ltr'>qui</span> <span class='ocrx_word' id='word_1_1018' title='bbox 1161 5231 1311 5304; x_wconf 77' lang='lat' dir='ltr'>huiusmodi</span> <span class='ocrx_word' id='word_1_1019' title='bbox 1333 5235 1513 5307; x_wconf 87' lang='lat' dir='ltr'>suspicionem</span> <span class='ocrx_word' id='word_1_1020' title='bbox 1538 5239 1786 5304; x_wconf 59' lang='lat' dir='ltr'>suggestumque</span> 
     </span>
    </p>
   </div>
   <div class='ocr_carea' id='block_1_7' title="bbox 687 5342 1253 5402">
    <p class='ocr_par' dir='ltr' id='par_1_7' title="bbox 687 5342 1253 5402">
     <span class='ocr_line' id='line_1_72' title="bbox 687 5342 1253 5402; baseline 0.002 -2"><span class='ocrx_word' id='word_1_1021' title='bbox 687 5342 961 5401; x_wconf 65' lang='lat' dir='ltr'>olttaattltoutllt</span> <span class='ocrx_word' id='word_1_1022' title='bbox 979 5342 1253 5402; x_wconf 71' lang='lat' dir='ltr'>annotationes</span> 
     </span>
    </p>
   </div>
   <div class='ocr_carea' id='block_1_8' title="bbox 154 5434 1788 5785">
    <p class='ocr_par' dir='ltr' id='par_1_8' title="bbox 154 5434 1788 5785">
     <span class='ocr_line' id='line_1_73' title="bbox 193 5434 1787 5508; baseline 0 -18"><span class='ocrx_word' id='word_1_1023' title='bbox 193 5434 232 5507; x_wconf 86' lang='lat' dir='ltr'>(a)</span> <span class='ocrx_word' id='word_1_1024' title='bbox 244 5435 282 5492; x_wconf 84' lang='lat' dir='ltr'>Er</span> <span class='ocrx_word' id='word_1_1025' title='bbox 295 5436 393 5493; x_wconf 83' lang='lat' dir='ltr'>Zosimi</span> <span class='ocrx_word' id='word_1_1026' title='bbox 402 5437 547 5504; x_wconf 83' lang='lat' dir='ltr'>litteris,ac</span> <span class='ocrx_word' id='word_1_1027' title='bbox 560 5438 643 5493; x_wconf 87' lang='lat' dir='ltr'>multo</span> <span class='ocrx_word' id='word_1_1028' title='bbox 657 5438 742 5508; x_wconf 85' lang='lat' dir='ltr'>magis</span> <span class='ocrx_word' id='word_1_1029' title='bbox 753 5437 875 5507; x_wconf 87' lang='lat' dir='ltr'>ergestia</span> <span class='ocrx_word' id='word_1_1030' title='bbox 889 5437 943 5504; x_wconf 90' lang='lat' dir='ltr'>pri-</span> <span class='ocrx_word' id='word_1_1031' title='bbox 994 5434 1110 5492; x_wconf 90' lang='lat' dir='ltr'>detectis</span> <span class='ocrx_word' id='word_1_1032' title='bbox 1131 5437 1189 5507; x_wconf 85' lang='lat' dir='ltr'>ejus</span> <span class='ocrx_word' id='word_1_1033' title='bbox 1204 5435 1272 5492; x_wconf 88' lang='lat' dir='ltr'>dolis</span> <span class='ocrx_word' id='word_1_1034' title='bbox 1285 5436 1449 5505; x_wconf 78' lang='lat' dir='ltr'>,zosimum</span> <span class='ocrx_word' id='word_1_1035' title='bbox 1465 5451 1499 5494; x_wconf 89' lang='lat' dir='ltr'>ne</span> <span class='ocrx_word' id='word_1_1036' title='bbox 1512 5435 1691 5505; x_wconf 86' lang='lat' dir='ltr'>deciperetur,</span> <span class='ocrx_word' id='word_1_1037' title='bbox 1704 5435 1787 5493; x_wconf 87' lang='lat' dir='ltr'>certis</span> 
     </span>
     <span class='ocr_line' id='line_1_74' title="bbox 155 5505 1788 5578; baseline 0.002 -19"><span class='ocrx_word' id='word_1_1038' title='bbox 155 5518 210 5560; x_wconf 78' lang='lat' dir='ltr'>rua</span> <span class='ocrx_word' id='word_1_1039' title='bbox 231 5509 390 5574; x_wconf 83' lang='lat' dir='ltr'>cognitionis</span> <span class='ocrx_word' id='word_1_1040' title='bbox 401 5507 519 5564; x_wconf 83' lang='lat' dir='ltr'>celeno</span> <span class='ocrx_word' id='word_1_1041' title='bbox 534 5510 706 5578; x_wconf 85' lang='lat' dir='ltr'>colligebatur</span> <span class='ocrx_word' id='word_1_1042' title='bbox 719 5549 727 5574; x_wconf 90' lang='lat'>,</span> <span class='ocrx_word' id='word_1_1043' title='bbox 742 5508 789 5573; x_wconf 87' lang='lat' dir='ltr'>ipsi</span> <span class='ocrx_word' id='word_1_1044' title='bbox 802 5506 942 5574; x_wconf 80' lang='lat' dir='ltr'>indulgen·</span> <span class='ocrx_word' id='word_1_1045' title='bbox 994 5506 1164 5561; x_wconf 84' lang='lat' dir='ltr'>cantionibus</span> <span class='ocrx_word' id='word_1_1046' title='bbox 1177 5509 1395 5576; x_wconf 76' lang='lat' dir='ltr'>premunieruut.</span> <span class='ocrx_word' id='word_1_1047' title='bbox 1412 5505 1478 5561; x_wconf 91' lang='lat' dir='ltr'>llide</span> <span class='ocrx_word' id='word_1_1048' title='bbox 1497 5521 1557 5578; x_wconf 80' lang='lat' dir='ltr'>qua</span> <span class='ocrx_word' id='word_1_1049' title='bbox 1569 5509 1596 5563; x_wconf 90' lang='lat' dir='ltr'>io</span> <span class='ocrx_word' id='word_1_1050' title='bbox 1612 5505 1788 5563; x_wconf 82' lang='lat' dir='ltr'>obseruatio·</span> 
     </span>
     <span class='ocr_line' id='line_1_75' title="bbox 154 5574 1502 5648; baseline -0.001 -17"><span class='ocrx_word' id='word_1_1051' title='bbox 154 5574 221 5631; x_wconf 83' lang='lat' dir='ltr'>dnm</span> <span class='ocrx_word' id='word_1_1052' title='bbox 237 5576 328 5643; x_wconf 86' lang='lat' dir='ltr'>luisse,</span> <span class='ocrx_word' id='word_1_1053' title='bbox 339 5579 440 5648; x_wconf 87' lang='lat' dir='ltr'>siquod</span> <span class='ocrx_word' id='word_1_1054' title='bbox 449 5595 478 5632; x_wconf 88' lang='lat' dir='ltr'>se</span> <span class='ocrx_word' id='word_1_1055' title='bbox 485 5580 671 5632; x_wconf 88' lang='lat' dir='ltr'>darnnaturnm</span> <span class='ocrx_word' id='word_1_1056' title='bbox 686 5577 844 5645; x_wconf 87' lang='lat' dir='ltr'>promiserat</span> <span class='ocrx_word' id='word_1_1057' title='bbox 856 5580 942 5642; x_wconf 88' lang='lat' dir='ltr'>reipsa</span> <span class='ocrx_word' id='word_1_1058' title='bbox 995 5575 1092 5642; x_wconf 87' lang='lat' dir='ltr'>nibus,</span> <span class='ocrx_word' id='word_1_1059' title='bbox 1107 5592 1134 5631; x_wconf 89' lang='lat' dir='ltr'>rt.</span> <span class='ocrx_word' id='word_1_1060' title='bbox 1150 5576 1185 5631; x_wconf 73' lang='lat' dir='ltr'>bt</span> <span class='ocrx_word' id='word_1_1061' title='bbox 1198 5586 1224 5631; x_wconf 92' lang='lat' dir='ltr'>et</span> <span class='ocrx_word' id='word_1_1062' title='bbox 1238 5592 1313 5648; x_wconf 87' lang='lat' dir='ltr'>seqq.</span> <span class='ocrx_word' id='word_1_1063' title='bbox 1325 5577 1502 5632; x_wconf 85' lang='lat' dir='ltr'>disserentur.</span> 
     </span>
     <span class='ocr_line' id='line_1_76' title="bbox 154 5645 1785 5723; baseline 0.004 -24"><span class='ocrx_word' id='word_1_1064' title='bbox 154 5645 371 5702; x_wconf 87' lang='lat' dir='ltr'>condemnasset.</span> <span class='ocrx_word' id='word_1_1065' title='bbox 389 5649 480 5702; x_wconf 83' lang='lat' dir='ltr'>Solum</span> <span class='ocrx_word' id='word_1_1066' title='bbox 497 5649 612 5702; x_wconf 81' lang='lat' dir='ltr'>birieani</span> <span class='ocrx_word' id='word_1_1067' title='bbox 625 5648 779 5702; x_wconf 87' lang='lat' dir='ltr'>metuebant</span> <span class='ocrx_word' id='word_1_1068' title='bbox 790 5661 823 5701; x_wconf 87' lang='lat' dir='ltr'>ue</span> <span class='ocrx_word' id='word_1_1069' title='bbox 835 5647 942 5700; x_wconf 84' lang='lat' dir='ltr'>rtrertda·</span> <span class='ocrx_word' id='word_1_1070' title='bbox 1033 5645 1071 5715; x_wconf 89' lang='lat' dir='ltr'>(b)</span> <span class='ocrx_word' id='word_1_1071' title='bbox 1087 5648 1158 5701; x_wconf 86' lang='lat' dir='ltr'>ilaue</span> <span class='ocrx_word' id='word_1_1072' title='bbox 1178 5649 1358 5716; x_wconf 83' lang='lat' dir='ltr'>conjecturam</span> <span class='ocrx_word' id='word_1_1073' title='bbox 1378 5657 1405 5701; x_wconf 91' lang='lat' dir='ltr'>et</span> <span class='ocrx_word' id='word_1_1074' title='bbox 1422 5647 1671 5715; x_wconf 85' lang='lat' dir='ltr'>interpretationem</span> <span class='ocrx_word' id='word_1_1075' title='bbox 1680 5662 1785 5723; x_wconf 74' lang='lat' dir='ltr'>expua-</span> 
     </span>
     <span class='ocr_line' id='line_1_77' title="bbox 157 5715 1520 5785; baseline 0.006 -16"><span class='ocrx_word' id='word_1_1076' title='bbox 157 5715 207 5770; x_wconf 85' lang='lat' dir='ltr'>ciis</span> <span class='ocrx_word' id='word_1_1077' title='bbox 219 5726 247 5772; x_wconf 87' lang='lat' dir='ltr'>et</span> <span class='ocrx_word' id='word_1_1078' title='bbox 261 5717 398 5773; x_wconf 78' lang='lat' dir='ltr'>fraudibus</span> <span class='ocrx_word' id='word_1_1079' title='bbox 413 5733 544 5774; x_wconf 88' lang='lat' dir='ltr'>tettcnuttt</span> <span class='ocrx_word' id='word_1_1080' title='bbox 566 5723 712 5776; x_wconf 87' lang='lat' dir='ltr'>occu&#39;etot.</span> <span class='ocrx_word' id='word_1_1081' title='bbox 729 5717 782 5773; x_wconf 84' lang='lat' dir='ltr'>blac</span> <span class='ocrx_word' id='word_1_1082' title='bbox 802 5717 943 5781; x_wconf 83' lang='lat' dir='ltr'>derauso,</span> <span class='ocrx_word' id='word_1_1083' title='bbox 995 5733 1090 5785; x_wconf 79' lang='lat' dir='ltr'>grurus</span> <span class='ocrx_word' id='word_1_1084' title='bbox 1105 5718 1129 5772; x_wconf 91' lang='lat' dir='ltr'>itt</span> <span class='ocrx_word' id='word_1_1085' title='bbox 1145 5717 1237 5773; x_wconf 86' lang='lat' dir='ltr'>iisdem</span> <span class='ocrx_word' id='word_1_1086' title='bbox 1249 5718 1366 5785; x_wconf 69' lang='lat' dir='ltr'>oluere,</span> <span class='ocrx_word' id='word_1_1087' title='bbox 1384 5733 1458 5778; x_wconf 87' lang='lat' dir='ltr'>tttttu.</span> <span class='ocrx_word' id='word_1_1088' title='bbox 1475 5719 1520 5776; x_wconf 75' lang='lat' dir='ltr'>bi.</span> 
     </span>
    </p>
   </div>
   <div class='ocr_carea' id='block_1_9' title="bbox 0 0 2012 6164">
    <p class='ocr_par' dir='ltr' id='par_1_9' title="bbox 0 0 2012 6164">
     <span class='ocr_line' id='line_1_78' title="bbox 0 0 2012 6164; baseline 0 0"><span class='ocrx_word' id='word_1_1089' title='bbox 0 0 2012 6164; x_wconf 95' lang='lat' dir='ltr'> </span> 
     </span>
    </p>
   </div>
  </div>
 </body>
</html>
