4000 6175
97 208 170 267 tlt.

562 202 769 261 occultante
791 200 884 257 tultis
903 202 1059 257 ttsttttltttt't
1082 200 1237 255 t'etcltts.

1672 205 1723 263 scd

98 331 224 385 etarctnr3
243 319 340 390 gradm
364 319 406 372 isti
422 327 488 382 tres,
503 323 545 388 qui
564 316 752 372 constrictione
768 312 881 383 quadam
897 320 919 375 ,t
936 313 1042 381 publica
1066 312 1147 365 missa
1165 310 1322 381 presbytero
1342 326 1394 365 nnn
1419 312 1469 368 lice
1485 328 1510 380 e,
1534 312 1584 368 ltnc
1604 317 1730 371 omnibus

37 418 45 433 ’
95 411 223 469 rastitatis
242 425 295 482 per
318 410 535 463 consecrationes
559 407 654 460 adtacti
679 414 759 465 strat,
787 416 800 439 ⁸
823 405 880 471 epi·

99 501 183 572 scopi,
196 501 321 572 inquam,
338 500 488 569 presbyteri
501 507 530 552 et
542 497 660 565 diaconi,
676 498 710 549 ita
730 495 839 563 placuit,
856 503 883 545 nt

99 595 239 660 coudecet,
258 606 352 648 sacros
366 593 500 646 antistites
514 606 545 645 an
562 590 607 644 ilci
623 588 787 650 sacerdotes,
803 586 884 655 533

100 699 144 740 nec
158 700 213 738 nnn
227 693 254 738 et
269 685 372 748 levitas,
387 683 428 736 rel
443 683 487 751 qui
501 680 676 735 sacramentis
689 678 786 731 divitiis
797 677 883 730 iuscr-

99 776 186 840 riuut,
210 773 381 827 continentes
404 787 464 825 etse
488 772 514 825 in
539 771 680 830 omnibns,
704 784 757 836 qno
782 766 882 834 possint

98 865 253 935 simpliciter
266 866 334 936 quod
355 879 370 916 a
392 863 507 917 [lantino
527 864 660 931 postulant
684 861 838 928 impetrare,
854 862 884 910 ut

98 957 163 1028 quod
181 956 295 1026 apostoli
310 956 474 1021 tinnierunt,
487 963 514 1007 ct
527 954 581 1022 ipsa
598 952 715 1006 serravit
728 949 882 1019 antiquitas,

98 1062 143 1103 uos
155 1062 265 1118 quoque
281 1046 475 1100 custodiamus.
487 1042 501 1081 ι
514 1043 656 1099 Faustinus
672 1041 815 1109 episcopus
834 1038 884 1093 Ec-

97 1138 184 1194 destae
198 1135 347 1191 Potentiam
361 1135 503 1204 provinciae
521 1134 625 1198 Piceni,
641 1135 741 1202 legatus
755 1131 884 1184 Roman-e

98 1228 223 1284 melesio
240 1226 329 1280 dixit:
346 1225 454 1289 Placet,
474 1232 504 1277 ut
525 1224 677 1291 epi-oopus,
700 1221 841 1289 presbyter
859 1226 885 1270 et

99 1322 235 1383 caereus,
252 1318 296 1373 tel
309 1316 352 1387 qui
365 1325 533 1371 sacramenta
549 1323 733 1376 cotttrectant,
752 1311 885 1381 pudicitie

99 1411 221 1469 custodes
243 1410 277 1464 ab
302 1410 429 1463 uxoribus
452 1425 481 1463 se
503 1408 663 1463 abstineant.
690 1406 731 1461 db
755 1404 886 1457 urtitrcrsis

98 1502 230 1573 episcopis
242 1500 342 1555 dietum
358 1507 417 1554 est:
434 1499 539 1563 Placet,
553 1508 581 1554 ut
600 1500 625 1551 in
644 1496 768 1550 cornilius
785 1505 795 1531 ε
811 1504 837 1546 et
852 1490 885 1543 ab

99 1593 220 1649 omuibus
231 1591 356 1661 pudicitia
370 1590 536 1645 custodiatur
549 1590 594 1660 qui
608 1588 683 1642 altari
698 1588 855 1641 inserviunt.

191 1705 240 1763 lv.
259 1704 298 1759 De
310 1704 424 1758 laminir
440 1701 548 1757 Petrum
563 1720 612 1757 non
626 1702 787 1755 inuadendae.

129 1813 290 1872 ‘Aurelius
314 1815 565 1886 episcopusdixit:
587 1813 713 1868 avaritias
736 1811 885 1881 cupiditas,

100 1923 175 1980 quatu
189 1923 281 1963 rerum
301 1907 421 1961 omniunt
446 1906 573 1960 malarum
595 1914 706 1958 matrem
726 1918 786 1958 esse
807 1917 886 1956 aenan

101 2002 154 2072 quit
164 1999 284 2056 dubitet.
298 1998 438 2054 Ριιιίιιιιιιι
452 1996 624 2053 inhibendum
636 2007 690 2059 est,
706 2013 739 2049 ne
752 1995 811 2065 quis
823 1994 887 2048 alre·

100 2107 144 2147 nos
155 2091 228 2145 lines
238 2102 363 2160 usurpo,
373 2098 418 2143 aut
429 2105 477 2157 per
487 2087 625 2158 premium
636 2090 765 2142 terurnos
777 2086 886 2139 Parrum

101 2193 210 2239 statutos
225 2183 406 2237 transcendat.

283 2293 315 2348 V.
329 2293 362 2348 Ut
377 2295 462 2348 nullos
477 2292 583 2347 clericos
602 2298 706 2363 feneret.

130 2394 185 2451 Nec
200 2395 313 2450 omnino
327 2395 450 2463 cuiquam
471 2393 629 2448 clericorum
644 2392 724 2447 liceat
745 2392 779 2446 de
802 2392 886 2458 quali-

100 2492 140 2546 bet
153 2502 184 2543 re
200 2487 282 2542 lenus
293 2486 426 2553 accipere.
442 2485 598 2553 Quanquam
615 2484 726 2537 novella
741 2482 889 2551 suggestio-

99 2596 155 2648 nes,
170 2594 235 2651 quae
258 2578 302 2632 rel
317 2579 438 2631 obscurae
459 2587 540 2639 stant,
563 2577 605 2630 vel
626 2579 675 2630 sub
690 2573 700 2613 t
715 2576 821 2629 diverso
841 2588 888 2641 ge·

99 2687 161 2727 uere
183 2670 286 2738 latent,
307 2669 434 2734 irrspcctn
458 2684 471 2719 a
497 2668 584 2729 nobis,
610 2666 722 2719 lnrmant
747 2666 887 2733 accipient.

100 2758 290 2819 Caeteruraa'de
314 2758 409 2825 quibus
439 2760 606 2825 apertissime
635 2756 724 2810 «licina
754 2757 888 2822 Scriptura

100 2852 201 2917 sanxit,
220 2864 274 2903 non
294 2856 336 2901 est
355 2846 462 2901 terenda
478 2846 622 2907 sententia,
644 2846 689 2900 sed
711 2848 798 2913 potius
814 2862 891 2897 etso-

102 2948 214 3015 quenda.
243 2940 358 2996 Proinde
381 2941 450 3010 quod
473 2940 500 2995 in
527 2940 601 2993 laicis
625 2939 841 3007 repreliendimr,
864 2940 890 2991 id

102 3038 182 3091 nlntio
197 3034 284 3102 tnagis
298 3032 377 3090 tenet
392 3041 404 3079 s
419 3042 445 3088 et
460 3034 486 3087 to
501 3031 605 3086 stertens
622 3031 808 3098 ,redundant
829 3030 868 3083 ιι
880 3054 927 3114 ·c
946 3063 993 3116 nna

102 3144 205 3183 tersum
228 3124 370 3181 concilium
396 3123 485 3178 dixit:
505 3123 589 3178 Nemo
612 3133 704 3177 contra
735 3122 889 3192 propbetas,

102 3233 178 3273 nemo
200 3224 297 3271 contra
310 3214 454 3284 Evangelia
469 3215 531 3268 lacit
548 3215 606 3268 sine
625 3227 675 3268 suo
691 3213 818 3281 periculo.

120 3333 161 3387 t'l.
184 3330 228 3385 De
242 3329 388 3395 cltrismotc,
402 3328 441 3382 nel
455 3327 670 3409 reconciliatione,
683 3336 707 3380 et
730 3325 875 3396 petritarum

397 3405 595 3451 consecratione.

134 3514 150 3557 ¹
164 3516 330 3572 Fortunatus
345 3512 585 3583 episcopusdixit:
601 3511 629 3564 ln
646 3513 788 3581 praeterito
804 3506 893 3562 rotari·

102 3610 144 3665 liis
163 3615 296 3662 statutum
320 3603 490 3659 meminimus
512 3617 583 3669 esse,
601 3610 630 3655 ut
649 3602 776 3663 chrisma,
792 3601 834 3653 tel
852 3613 893 3650 rc·

103 3698 257 3755 conciliatio
271 3695 469 3767 poenitentium,
486 3709 535 3748 nec
549 3708 601 3746 nnn
616 3707 641 3745 ct
659 3694 806 3762 pitellarum
829 3705 894 3744 cnu-

102 3792 219 3845 secratio
233 3803 247 3842 a
261 3786 423 3857 presbyteris
436 3801 489 3840 non
503 3784 577 3838 liant.
590 3784 617 3838 Si
631 3785 690 3852 quis
705 3792 792 3836 autem
807 3796 893 3836 emer·

103 3881 167 3936 serit
176 3880 231 3934 boc
241 3878 352 3942 iaciens,
364 3877 426 3946 quid
441 3876 474 3930 de
484 3890 516 3928 eo
527 3877 695 3929 statncndmn
705 3874 756 3926 sit?
771 3873 895 3927 ,tenelius

103 3969 347 4039 episcopusdixit:
365 3967 475 4021 audivit
495 3967 613 4036 dignatio
632 3978 719 4021 nestra
739 3966 818 4035 6337
833 3980 895 4032 sng-

104 4061 254 4128 gestionetu
278 4056 367 4111 fratris
390 4065 418 4110 et
441 4057 593 4124 coepiscopi
623 4057 706 4109 nostri
736 4055 892 4120 Fortunati,

104 4149 167 4217 quid
181 4147 215 4203 ad
238 4148 296 4202 baec
314 4145 422 4202 dicitis?
437 4147 479 4201 Ab
499 4148 630 4202 universis=
644 4147 775 4215 eyn-scopis
794 4151 894 4200 tinctum

106 4249 165 4296 est:
180 4241 312 4297 Cbrismae
330 4239 463 4295 conlectio
476 4251 504 4293 et
526 4240 674 4309 puellarum
693 4243 859 4295 consectatio
879 4259 894 4297 a

107 4334 271 4404 presbyteris
289 4348 343 4388 nnn
362 4331 667 4397 fia13relrecottciltare
685 4349 845 4403 quemquam
867 4339 893 4390 itt

936 405 1032 471 placet.

1089 495 1145 548 vll.
1169 495 1206 549 De
1225 496 1418 549 retorrcilirmdis
1439 497 1557 564 infirmis.

972 586 980 624 i
999 590 1122 642 durelius
1135 590 1278 657 episcopus
1297 589 1382 642 dixit:
1405 589 1431 643 Si
1447 590 1586 659 quisquam
1610 592 1638 645 ln
1659 594 1728 659 peri·

933 680 993 734 culn
1008 678 1083 732 inierit
1100 679 1270 744 cnrtstitmus,
1286 690 1314 733 et
1328 695 1357 733 se
1366 682 1541 736 reconciliare
1551 682 1649 738 divinis
1659 684 1729 737 alta·

934 769 1006 822 ribus
1021 770 1142 837 petierit;
1163 769 1185 823 si
1197 771 1339 838 epicopus
1353 772 1450 825 absens
1471 772 1565 837 irretit,
1582 773 1663 829 debet
1676 777 1729 829 uti·

934 875 986 931 que
1002 861 1140 930 presbyter
1153 861 1292 913 consulere
1307 862 1473 929 episcopum,
1485 871 1512 915 et
1525 864 1564 917 sic
1575 866 1729 933 periclitan-

934 958 987 1006 tem
1003 951 1061 1018 ejus
1073 962 1205 1019 precepto
1222 953 1418 1006 reconciliare:
1436 970 1514 1019 quam
1529 970 1587 1009 rem
1598 956 1727 1010 debemus

935 1041 1034 1096 salubri
1052 1043 1164 1094 consitio
1180 1042 1317 1095 culturae.
1335 1043 1376 1094 Ab
1391 1045 1524 1097 truitersis
1538 1046 1671 1111 episcopis
1684 1046 1727 1097 di·

935 1142 1007 1185 ctum
1022 1139 1079 1184 est:
1093 1129 1183 1183 Placet
1197 1134 1265 1199 qnod
1278 1135 1404 1186 sanctitas
1415 1144 1502 1186 uestra
1520 1137 1728 1192 norosnrionoa

936 1226 1069 1280 instruere
1084 1227 1190 1292 dignata
1212 1236 1263 1277 est.

962 1336 1027 1389 illl.
1055 1336 1062 1386 ι’
1094 1333 1128 1388 c:
1148 1334 1159 1370 ¹¹
1182 1336 1268 1389 ttnlltta
1292 1337 1444 1389 criminosus
1465 1337 1537 1389 lieret
1557 1340 1704 1409 episcopam

1267 1422 1360 1458 arcuna
1369 1422 1396 1458 ⁴6.

973 1518 1111 1574 Numidius
1126 1519 1267 1587 episeopus
1281 1519 1468 1572 lla-sulitanns
1487 1520 1573 1573 dixit:
1596 1520 1731 1575 Pratcrca

937 1619 998 1663 sunt
1012 1609 1199 1678 quamplurimi
1213 1625 1264 1661 non
1280 1608 1315 1662 bn
1327 1625 1357 1659 nc
1372 1624 1485 1662 cnrtters
1495 1594 1595 1674 ilionis,
1611 1611 1656 1678 qui
1668 1613 1728 1665 erti-

902 1694 925 1752 B
940 1700 1051 1753 stimant
1074 1698 1189 1766 majores
1205 1712 1268 1752 natu
1287 1701 1326 1752 tel
1342 1699 1484 1765 episcopos
1501 1700 1597 1766 passim
1614 1714 1732 1769 vageque

939 1789 966 1843 itt
979 1792 1150 1845 accusatione
1165 1788 1309 1857 pulsandos
1326 1806 1332 1839 ι
1348 1790 1447 1843 delient
1462 1797 1515 1841 tatu
1531 1787 1607 1843 iueile
1624 1789 1731 1843 adrrtitti

940 1878 949 1918 ¹
968 1896 1018 1935 nec
1033 1881 1092 1935 ne?
1107 1882 1232 1935 Attrellus
1258 1881 1400 1948 episcopus
1420 1881 1435 1933 d
1450 1880 1486 1932 ait
1505 1893 1512 1931 :
1537 1881 1625 1933 Placet
1653 1882 1732 1947 igitur

938 1971 1062 2024 citaritati
1078 1978 1173 2023 restrae
1188 1980 1217 2024 ut
1238 1970 1317 2037 isqui
1334 1970 1467 2036 aliquibus
1481 1969 1629 2023 sceleribus
1644 1970 1733 2024 irreti-

939 2069 982 2113 tus
997 2069 1050 2121 est.
1061 2074 1154 2114 rocetta
1169 2060 1296 2115 auterens
1313 2059 1429 2128 majores
1441 2067 1503 2112 natu
1515 2075 1568 2112 nou
1581 2060 1677 2113 lrabeat
1686 2074 1733 2114 at·

938 2151 1060 2204 cusandi.
1074 2151 1115 2204 ab
1129 2150 1260 2205 universis
1276 2150 1409 2218 episcopis
1424 2151 1524 2203 dictum
1541 2160 1605 2204 cst:
1629 2151 1658 2205 Si
1679 2149 1733 2205 cri·

939 2243 1060 2296 minosus
1074 2249 1116 2296 est
1131 2256 1182 2296 non
1199 2242 1362 2295 admittatur.

1157 2332 1192 2387 tx
1229 2332 1268 2385 De
1287 2334 1521 2387 excommnnicatis.

975 2426 1140 2493 augustinos
1158 2425 1299 2495 episcopus
1316 2426 1418 2491 legatus
1441 2424 1584 2492 provinciae
1599 2423 1730 2478 Numidia

939 2516 1007 2572 dixit
1022 2533 1029 2569 ε
1047 2516 1103 2571 llnc
1119 2525 1240 2571 statuere
1255 2515 1416 2585 dignemini,
1432 2526 1460 2570 ut
1474 2516 1497 2570 si
1511 2517 1555 2586 qui
1572 2517 1640 2571 lnrte
1653 2519 1735 2571 rneri-

941 2622 966 2661 ιιι
979 2610 1124 2664 facinorum
1137 2622 1246 2662 snorum
1261 2610 1294 2659 ab
1315 2607 1435 2661 Ecclesia
1456 2608 1524 2675 pulsi
1540 2616 1617 2671 suut,
1633 2616 1659 2661 et
1674 2607 1732 2662 sire

940 2700 973 2753 ab
986 2700 1074 2768 aliquo
1085 2698 1212 2768 episcopo
1226 2699 1267 2752 tel
1281 2698 1438 2767 pesltytero
1453 2696 1550 2752 luerint
1570 2700 1595 2751 in
1611 2712 1734 2752 commu·

941 2792 1021 2845 niune
1036 2791 1167 2858 suscepti,
1183 2790 1263 2844 etiam
1278 2790 1335 2857 ipse
1359 2791 1413 2855 pari
1430 2806 1491 2843 cum
1515 2791 1554 2843 eis
1568 2789 1681 2844 crimine
1697 2801 1734 2843 te·

942 2892 1037 2936 nentur
1056 2882 1196 2946 obnoxius,
1213 2890 1234 2916 ¹¹²
1245 2880 1409 2950 relugientes
1423 2882 1464 2935 sui
1479 2881 1599 2951 episcopi
1613 2881 1735 2948 regulare

940 2972 1080 3041 iudicium.
1096 2972 1137 3025 ab
1152 2972 1284 3025 universis
1300 2971 1434 3041 episcopis
1446 2971 1547 3025 dictum
1564 2979 1605 3025 est
1622 2989 1628 3021 :
1643 2971 1735 3023 tltrrui·

1015 3062 1111 3130 placet.

943 3159 1025 3229 633
1040 3158 1072 3211 x.
1089 3156 1128 3211 De
1141 3156 1182 3210 itis
1195 3158 1239 3225 qai
1254 3157 1463 3211 excommunicati
1475 3158 1568 3209 eadent
1587 3157 1681 3227 eripere
1700 3156 1737 3208 ol·

1202 3236 1271 3292 tore,
1285 3237 1309 3281 et
1323 3227 1478 3294 testificare.

979 3339 1090 3408 Alypius
1117 3341 1259 3407 episcopus
1283 3338 1410 3393 Ecclesiae
1439 3337 1610 3406 Tagastensis
1635 3339 1738 3406 legatas

945 3429 1091 3497 prosint-iac
1109 3428 1239 3482 Numidiae
1254 3428 1342 3482 dixit:
1367 3428 1422 3482 b'ce
1443 3427 1507 3480 illud
1530 3427 1737 3496 praetermitten-

944 3521 1007 3575 dum
1022 3531 1079 3584 est,
1093 3529 1121 3572 ttt
1142 3520 1163 3572 si
1179 3517 1238 3592 quis
1260 3518 1328 3572 loric
1343 3519 1482 3586 presbyter
1495 3518 1529 3569 ab
1542 3519 1668 3584 episcopo
1687 3530 1739 3569 sun

945 3621 1097 3680 correptus,
1115 3623 1219 3666 tumore
1231 3611 1271 3665 tel
1285 3610 1411 3678 superbia
1426 3608 1533 3663 indatus
1549 3608 1681 3677 putaverit
1694 3623 1737 3662 se·

945 3705 1057 3773 paratim
1078 3711 1092 3739 ι
1116 3701 1244 3756 sacrificia
1259 3701 1315 3754 Deo
1330 3699 1476 3763 offerenda,
1492 3701 1534 3754 rel
1546 3699 1617 3753 aliud
1634 3701 1738 3769 crigen-

945 3795 1008 3849 dum
1017 3796 1101 3849 altare
1115 3805 1207 3848 comta
1220 3791 1427 3848 ecclesiasticam
1437 3791 1514 3846 [idem
1523 3794 1561 3844 rel
1570 3792 1737 3862 disciplinatu

945 3885 1100 3951 crediderit,
1129 3901 1181 3938 non
1205 3881 1620 3953 exeatimpunitns.Valentinus
1644 3884 1737 3951 primae

945 3979 1018 4036 sedis
1031 3979 1174 4048 provincia
1189 3976 1319 4030 Numidiae
1332 3975 1402 4029 ditit
1427 3991 1434 4028 :
1450 3974 1606 4029 Necessario
1621 3975 1738 4043 ‹liscipli

946 4085 987 4124 nae
997 4066 1186 4123 ecclesiasticae
1200 4076 1227 4120 et
1241 4065 1301 4119 fidei
1314 4078 1431 4132 congrua
1445 4074 1506 4120 sttot
1522 4078 1579 4132 quae
1591 4063 1674 4117 irater
1685 4077 1736 4116 nn·

946 4173 1002 4216 ster
1015 4161 1128 4229 Alypius
1155 4167 1312 4226 prosecutus
1327 4167 1377 4212 est.
1403 4156 1518 4211 Proinde
1538 4155 1601 4224 quid
1616 4162 1629 4190 ⁰
1643 4153 1739 4208 exinde

947 4253 1069 4307 rideatur
1091 4261 1186 4304 restrae
1208 4248 1346 4303 dilectioni
1369 4246 1525 4317 proterret
1545 4247 1585 4301 ab
1609 4245 1740 4300 unirerssss

946 4344 1079 4415 episcopis
1092 4341 1191 4396 dietum
1208 4348 1250 4395 est
1271 4339 1319 4395 :si
1331 4337 1391 4408 quis
1407 4340 1547 4408 presbyter
1567 4353 1581 4392 a
1598 4337 1740 4406 praeposito

140 4475 154 4504 ⁸
169 4465 259 4531 bion,
271 4467 411 4537 episcopor,
424 4468 537 4555 inquam,
550 4466 716 4537 presbyteros,
729 4479 751 4523 ct
764 4473 894 4530 diaconos.
910 4479 935 4538 Ι)
951 4475 1080 4540 recolant.
1097 4472 1135 4526 lta
1151 4471 1231 4527 etiam
1247 4472 1353 4538 praeterr
1369 4469 1512 4524 concilium
1529 4470 1577 4520 snb
1587 4468 1741 4534 Gcoctlrlio,

139 4534 326 4592 b[immod.

140 4616 155 4713 ἕ
172 4605 259 4729 gotes
271 4616 295 4660 ct
305 4606 336 4659 ob
349 4607 464 4660 omnlino
477 4606 575 4660 omittit
587 4606 663 4660 Dina.

196 4680 328 4730 intuma.

106 4750 208 4871 widun
223 4746 302 4801 codd.
325 4744 394 4799 lost.
409 4746 486 4799 Dion.
502 4760 580 4810 tero,
601 4748 748 4805 t'ttltt'bertdtt.
766 4752 838 4820 Vnt,
858 4771 897 4807 cn-

173 4832 200 4871 o.

143 4885 155 4923 ¹
174 4885 253 4939 llion.
264 4884 365 4940 nnrittit
378 4885 484 4939 dinero.
506 4887 565 4941 blot
582 4902 630 4956 pro
644 4893 801 4946 erreouendo
813 4895 892 4948 codd.

106 4956 179 5011 lust.
194 4959 331 5022 sequenda.

142 5036 158 5074 e
172 5028 246 5081 bion.
258 5028 329 5080 delet
339 5034 373 5080 et.
389 5025 456 5082 [leia
466 5027 543 5081 codd.
556 5026 637 5089 trist,
650 5025 764 5084 Universi
775 5033 896 5087 dixerunt

104 5111 157 5164 pro
171 5093 321 5150 Urtiaetsttm
333 5096 469 5150 conciliant
486 5100 561 5150 dicit.
576 5097 668 5151 Postea
690 5117 735 5154 ruo
749 5105 897 5170 :ntjeeinnrc

104 5181 140 5221 et
156 5165 226 5220 Just.
238 5165 317 5219 codd.

143 5231 288 5290 titione.
304 5236 329 5291 d.

144 5304 155 5342 ¹
182 5303 258 5359 Dion.
280 5320 305 5360 c.
321 5307 348 5359 7.

143 5375 153 5424 l
177 5374 287 5456 tracon.
306 5376 364 5428 ilat.
391 5375 470 5430 titt.
491 5378 518 5430 ln
539 5394 603 5432 mss.
623 5379 713 5445 inst,
739 5381 769 5432 ln
791 5398 897 5435 neceto-

102 5448 362 5513 tt'oueepttcoporum
374 5448 535 5500 criminosam
550 5465 598 5502 oon
614 5451 702 5504 delere
712 5455 824 5506 oderritti.

143 5513 158 5550 ¹²
190 5512 335 5580 tegeretis
352 5516 499 5573 criminato.

145 5583 156 5621 ¹
174 5580 258 5638 coto.
274 5587 343 5641 lust.
358 5594 386 5640 et
400 5586 467 5641 Luc.
494 5589 592 5643 addunt
616 5601 705 5645 contra
729 5591 895 5653 onoatnlicoar

948 4562 974 4600 c.
992 4553 1018 4610 ta,
1035 4559 1067 4596 ea
1082 4543 1200 4597 editione
1215 4540 1360 4605 llnlsteoii,
1378 4540 1448 4596 unde
1463 4542 1504 4593 bic
1520 4553 1604 4590 canton
1620 4548 1742 4607 sumptus

951 4618 1009 4670 t'nit.
1027 4615 1092 4667 licio
1110 4629 1158 4679 pro
1173 4612 1300 4680 oliqttibtta
1311 4611 1446 4665 sceleribus
1461 4610 1520 4662 tar.
1539 4612 1617 4662 italici
1631 4611 1676 4661 toli
1690 4625 1742 4661 rce-

949 4690 1011 4739 icrc.
1030 4687 1057 4737 lo
1074 4685 1126 4737 litte
1143 4684 1219 4736 llion.
1236 4682 1309 4734 aridii
1326 4681 1414 4735 Placet
1429 4698 1438 4733 .·
1451 4693 1629 4750 expunximus
1645 4681 1681 4732 uti
1696 4696 1740 4733 su·

949 4758 1080 4825 periluttnt
1097 4770 1156 4806 tum
1173 4769 1222 4805 tus.
1242 4753 1300 4804 iat.

984 4836 1004 4860 ¹¹¹
1022 4824 1189 4878 lturcltardus
1206 4833 1233 4874 et
1255 4825 1315 4880 lto,
1342 4822 1535 4888 reltrqietttiltns.
1561 4820 1644 4876 Codd.
1671 4821 1741 4875 lust.

951 4906 1011 4962 post
1020 4896 1151 4966 jtrdiciunt
1165 4892 1263 4946 addunt
1281 4894 1353 4945 reddi
1368 4897 1466 4946 debere.
1484 4892 1578 4946 llelius
1591 4892 1617 4945 in
1629 4893 1740 4944 concilio

952 4966 1174 5025 sttbtlenetltlio,
1193 4979 1216 5016 c.
1233 4964 1261 5024 t,
1284 4979 1316 5015 ex
1343 4979 1396 5030 quo
1421 4967 1462 5016 lde
1486 4979 1571 5016 eartott
1601 4970 1741 5025 excerptus

951 5037 1014 5098 init,
1034 5044 1093 5102 post
1108 5049 1201 5085 rocem
1217 5033 1327 5093 suscepti
1343 5033 1496 5086 inseruntur
1511 5034 1567 5085 lianc
1578 5035 1657 5083 acrba
1673 5031 1741 5097 rrt'n·

950 5107 1047 5173 ¹cierttrr
1067 5104 1108 5155 ani
1119 5103 1231 5170 episcopi
1254 5102 1370 5170 regulae
1380 5105 1525 5171 judicium,
1537 5117 1562 5154 et
1578 5101 1639 5153 dein
1655 5103 1741 5168 sequi·

952 5187 994 5228 tur
1009 5176 1086 5226 ctiam
1099 5173 1154 5242 ipse
1167 5214 1173 5236 ,
1187 5182 1240 5225 etc.
1511 5191 1515 5198 ·

986 5252 999 5282 ⁰
1018 5245 1079 5296 llas.
1095 5241 1180 5300 lust..
1196 5258 1223 5295 rc
1233 5240 1388 5306 sacrificiunt
1402 5239 1455 5294 Deo
1467 5240 1567 5307 offerre,

987 5324 998 5346 ⁰
1018 5314 1092 5364 trion
1109 5311 1180 5364 delet
1195 5312 1297 5363 critice.
1317 5310 1375 5365 linx
1391 5312 1503 5381 proferte
1525 5312 1620 5378 legitur
1638 5310 1662 5361 itt
1682 5308 1740 5363 l'at.

950 5394 976 5437 ct
990 5381 1067 5435 Colb.
1086 5381 1235 5450 Dionysius,
1253 5380 1352 5433 edicite.
1367 5380 1435 5435 eod.
1452 5379 1742 5449 Bocbardapuddust..

951 5453 1067 5523 proferre
1087 5452 1190 5506 edicite.

987 5533 1000 5571 a
1025 5521 1136 5576 niorto.
1154 5523 1197 5576 ιι.
