4000 6175
149 306 206 363 ΜΒ
330 302 443 359 VETUS
461 300 625 358 cahontttt
643 301 782 370 NtcAEtt,
801 300 900 359 stthh.
922 304 965 360 ET
986 270 1155 367 cttiht‘bh.
1178 304 1455 373 tntuttrtteralto
1474 317 1612 375 LATINA.
1732 324 1786 382 tto

147 424 199 495 sed
208 432 309 481 tautum
319 426 467 491 venientes,
476 422 632 494 imaginarie
645 421 790 477 adrentum
802 422 941 478 sunmde-
954 424 980 485 Α
994 438 1122 495 scopatu;
1142 438 1170 484 et
1183 435 1330 490 statuimus
1344 452 1398 492 nott
1412 432 1496 493 solum
1507 448 1555 491 eos
1569 437 1710 508 episcopos
1731 454 1786 497 uun

148 527 340 587 monstrarent,
355 533 387 575 ac
400 518 528 575 netoctter
549 518 672 589 fugerunt
694 517 774 590 [depe
791 517 938 589 ingerenti.
993 530 1070 585 esse,
1087 518 1134 572 sed
1149 536 1199 578 nec
1220 526 1437 584 communionem
1452 539 1513 581 cum
1528 525 1652 583 lidelibns
1674 531 1781 586 tuereri.

147 608 315 664 llaecantem
337 609 407 665 scire
429 609 566 679 potuimus
584 623 599 663 a
625 606 817 664 comministris
840 610 941 664 nostris
991 610 1155 679 soporantes
1169 615 1239 669 enim
1261 616 1356 673 Filium
1380 619 1559 677 asubstautia
1575 620 1680 689 Patria,
1703 637 1735 678 ac
1749 624 1783 680 tle

147 708 162 736 ⁸
174 700 290 755 biccario
305 699 456 755 Palaestine
473 710 500 755 ct
519 699 627 754 asterio
640 700 674 755 de
694 699 803 768 Arabia,
819 702 864 771 qui
879 718 939 758 cum
992 703 1145 770 mortalitate
1170 707 1325 765 alienantes
1342 709 1459 767 Verbum
1483 727 1499 766 a
1521 712 1619 782 Patre,
1645 718 1782 787 segregari

148 793 216 859 ipsis
228 804 357 848 uenerunt
371 803 399 848 et
408 792 444 847 ab
454 792 548 848 eadent
560 792 748 849 incredulitate
755 806 939 850 recesserunt.
991 802 1099 861 oportet
1116 810 1132 850 tt
1147 797 1287 863 ,catholica
1316 800 1447 867 Ecclesia,
1467 813 1495 859 ει
1508 801 1620 859 alienari
1634 818 1650 859 a
1672 807 1783 864 nomine

147 883 196 938 isti
210 884 282 939 enim
294 883 328 938 ad
348 893 468 939 mactant
483 882 615 954 synodum
631 884 769 939 venientes
784 883 939 939 violentiam
991 881 1216 941 Christianorum.
1232 887 1272 943 Sit
1296 890 1377 958 igitur
1392 892 1518 947 omatibus
1533 892 1609 949 vobis
1623 894 1781 965 anathema,

147 971 236 1044 [Adde
249 973 427 1065 qnantlxpassi
442 983 515 1038 sunt,
531 987 591 1027 cum
606 972 730 1044 iacrymis
745 983 937 1043 exposuerunt.
991 982 1182 1049 propterquod
1197 984 1348 1054 ‘negotiati
1360 994 1424 1041 sunt
1438 987 1555 1042 Verbum
1567 988 1696 1045 veritatis.
1708 992 1782 1059 hpo-

143 1062 221 1117 Nihil
243 1074 331 1120 autem
352 1073 455 1121 rectum
471 1065 542 1134 apud
556 1079 603 1120 eos
616 1064 675 1119 lieri
690 1064 826 1121 dicebant.
850 1064 938 1121 Etiam
990 1070 1083 1124 stolica
1104 1073 1204 1127 etenim
1219 1083 1261 1129 est
1284 1076 1429 1145 praeceptio
1445 1094 1451 1130 :
1467 1077 1565 1148 Siquis
1586 1080 1655 1139 oolla
1675 1096 1780 1136 moun·

144 1154 198 1210 hoc
210 1155 360 1223 addebant,
375 1170 437 1212 esse
449 1155 577 1225 quosdam
593 1165 674 1212 rectae
685 1154 763 1221 ddei3
775 1165 803 1212 et
818 1157 939 1211 intermi·
990 1163 1089 1214 tionem
1116 1173 1288 1234 praeterquam
1311 1167 1381 1237 qood
1403 1168 1556 1237 accepistis,
1580 1171 1613 1225 rit
1631 1175 1778 1229 anathene.

145 1247 301 1304 orationihus
324 1258 406 1319 atque
429 1247 644 1303 accusationibus
664 1247 800 1319 prohiberi
826 1248 860 1303 ad
888 1263 938 1304 nos
989 1248 1097 1306 Nullum
1126 1251 1168 1307 his
1191 1255 1390 1313 communicare
1417 1259 1554 1328 practpttc
1578 1277 1585 1315 :
1611 1265 1683 1319 nulla
1706 1266 1779 1327 enim

143 1339 353 1412 [Addenettirei.
366 1340 421 1396 iiac
431 1340 464 1396 de
474 1354 554 1395 causa
569 1340 597 1393 in
609 1354 659 1394 una
670 1339 752 1395 donno
765 1354 938 1396 commanere
988 1343 1142 1398 communio
1162 1344 1279 1400 tenebris
1293 1361 1354 1401 cum
1371 1347 1440 1404 luoe.
1464 1349 1556 1425 Longe
1575 1367 1669 1410 ottrues
1683 1357 1778 1425 latite3

141 1433 398 1498 studuerunt‚nullo
408 1442 545 1488 momento
553 1447 600 1487 eos
611 1432 731 1502 reparari
738 1433 935 1502 permittentes.
989 1449 1039 1489 nec
1053 1436 1125 1491 enim
1140 1444 1182 1491 est
1195 1436 1284 1507 aliqua
1305 1440 1447 1495 contentio
1460 1441 1567 1498 Christo
1582 1460 1641 1500 cum
1658 1447 1738 1506 Belial
1769 1467 1777 1505 ε

176 1525 311 1593 Quoniam
334 1524 415 1595 igitur
434 1539 488 1580 non
511 1523 653 1595 oportebat
678 1534 776 1589 tacere,
803 1523 871 1578 etin
891 1538 938 1577 oc·
987 1535 1015 1579 et
1035 1527 1187 1595 observate,
1204 1527 1302 1585 iratres
1315 1530 1493 1599 dilectissimi,
1507 1548 1601 1590 eornm
1615 1536 1719 1593 litteras
1735 1554 1778 1594 su-

138 1621 232 1671 cultas
255 1614 333 1688 [depe
350 1613 460 1686 inultas]
483 1627 577 1670 eorum
597 1614 752 1683 relinquere
771 1616 935 1681 calumnias,
987 1616 1093 1683 scipere
1107 1617 1149 1671 nel
1170 1617 1204 1672 iis
1225 1619 1354 1675 scribere.
1370 1619 1482 1678 Studete
1496 1624 1578 1680 etiam
1603 1641 1666 1689 nos.
1681 1626 1778 1685 iratres

137 1708 263 1776 uincula,
277 1707 433 1777 homicidia,
454 1707 561 1778 plagas,
575 1705 657 1787 falsas
670 1707 808 1777 epistolas,
824 1708 936 1763 mulcta·
987 1705 1077 1761 dilecti
1095 1716 1124 1763 ει
1146 1706 1228 1781 605
1243 1709 1438 1779 comministri,
1462 1713 1557 1782 spiritu
1582 1726 1730 1785 presentes
1751 1720 1778 1776 iu

137 1803 242 1864 tiones,
266 1801 400 1871 virginum
424 1799 598 1871 nudationes,
613 1798 728 1865 exsilia,
759 1800 936 1855 ecclesiarum
952 1783 1091 1867 Bsynodo
1113 1807 1224 1865 nostra,
1246 1802 1398 1858 ‹ensentirc
1413 1812 1441 1858 et
1456 1805 1630 1872 pronuntiare
1644 1823 1691 1876 per
1711 1810 1779 1865 scri-

136 1895 352 1958 destrnctiones,
368 1892 505 1955 incendia,
521 1890 711 1945 translationes
726 1889 761 1945 de
771 1891 889 1945 minimis
902 1890 936 1945 ad
987 1890 1092 1958 ptioncs
1101 1900 1213 1957 nestros,
1221 1906 1276 1962 εεε
1287 1892 1356 1960 apud
1368 1907 1463 1952 omnes
1475 1895 1572 1967 ubique
1580 1900 1778 1957 comministros

136 1986 261 2058 trtajores
274 1985 416 2051 ciuitates,
436 1994 464 2039 et
485 1994 549 2039 ante
569 1982 663 2038 bmnia
683 1983 865 2052 insurgentem
888 1998 936 2053 per
985 1988 1094 2035 nostros
1107 1990 1230 2038 serretur
1244 1996 1371 2039 assensus
1388 1982 1410 2039 ι.

136 2079 216 2146 ipsos
232 2078 360 2133 adsersus
383 2086 484 2131 rectam
502 2075 581 2131 iidem
596 2072 755 2129 maledicam
775 2072 934 2128 briaitarum
1020 2070 1086 2127 illos
1099 2071 1255 2128 abdicamus
1268 2084 1296 2129 et
1310 2074 1483 2142 deportamus
1501 2092 1515 2130 a
1537 2079 1668 2134 catholica
1682 2081 1777 2139 Eccle-

135 2167 289 2225 baeresim:
310 2164 453 2237 coatrae
470 2165 505 2220 de
519 2177 600 2219 causa
627 2162 815 2218 dilectissimos
838 2162 935 2217 fratres
985 2159 1036 2225 sia,
1053 2162 1097 2231 qui
1112 2160 1248 2218 alhrtnant
1271 2164 1341 2234 qtrod
1357 2164 1427 2221 Deus
1450 2167 1557 2236 quidem
1578 2178 1620 2224 εει
1641 2168 1775 2236 Christus,

135 2271 266 2323 nostros,
292 2269 320 2315 et
338 2257 547 2313 consacerdotes
567 2255 743 2310 Athanasium
765 2254 934 2310 Alexandriae
985 2251 1208 2308 sedneruslieus
1222 2264 1343 2321 nonest,
1358 2256 1419 2326 quia
1434 2256 1504 2312 dhus
1518 2268 1576 2325 est;
1591 2261 1638 2315 sed
1652 2270 1679 2317 et
1694 2277 1775 2320 verus

133 2352 306 2421 episcopum,
320 2356 348 2404 et
362 2346 517 2403 ldarcellom
533 2345 646 2416 hncyrte
659 2343 789 2409 Galatiae,
801 2354 828 2400 et
842 2344 934 2400 Ascle·
986 2342 1057 2397 lilius
1072 2358 1125 2398 non
1141 2352 1198 2411 est,
1213 2345 1286 2416 quod
1304 2356 1438 2403 natusest
1456 2350 1535 2404 sintul
1551 2350 1775 2414 contractumnc

133 2458 196 2514 pam
212 2442 302 2508 Gaza,
318 2451 345 2497 et
359 2454 406 2495 cos
419 2439 465 2509 qui
478 2453 538 2494 curn
555 2437 620 2507 ipsis
636 2436 792 2491 ministrant
806 2435 931 2502 licutino,
983 2434 1056 2490 enim
1072 2436 1224 2506 intelligere
1237 2449 1402 2495 censuerunt
1416 2447 1518 2507 natutu,
1536 2439 1549 2480 ι
1572 2444 1616 2514 εει
1644 2445 1774 2512 latentur,

133 2537 296 2591 innocentes
311 2544 338 2589 et
350 2532 473 2587 sinceros
487 2544 547 2585 esse
561 2530 787 2598 pronuntiamus,
810 2525 866 2583 bnt
886 2543 932 2584 cu·
983 2528 1054 2581 sictut
1078 2540 1158 2595 supra
1172 2525 1308 2596 dixerunt,
1323 2531 1384 2602 quia
1399 2531 1470 2602 quod
1485 2542 1576 2589 natum
1600 2546 1658 2601 est,
1676 2536 1774 2595 lactum

132 2626 233 2698 iusque
246 2633 411 2697 cognoscant
424 2623 554 2679 Ecclesia
567 2619 658 2692 populi
679 2622 721 2677 sui
741 2622 860 2693 episcopi
876 2623 932 2676 sin·
982 2628 1039 2680 est;
1051 2628 1078 2672 et
1092 2617 1210 2688 Christo,
1226 2637 1287 2677 cum
1302 2624 1338 2679 sit
1351 2635 1413 2680 ante
1427 2627 1536 2696 secula,
1550 2627 1614 2683 daut
1628 2629 1732 2684 initium
1746 2640 1774 2688 ει

130 2717 275 2772 ceritatem
297 2724 325 2771 et
348 2714 420 2770 huuc
446 2712 547 2771 babere
569 2712 743 2783 episcopum,
767 2710 879 2784 [supple
893 2712 931 2784 et]
983 2704 1076 2773 finem,
1091 2711 1161 2778 ttuod
1177 2726 1230 2768 non
1247 2728 1280 2768 ex
1295 2722 1427 2784 tempore,
1439 2717 1488 2772 sed
1503 2729 1565 2775 ante
1578 2735 1658 2775 ontne
1670 2731 1774 2792 tempus

131 2817 293 2880 exspectare
315 2826 321 2861 :
345 2820 488 2879 aggressos
502 2818 566 2860 tero
589 2803 800 2860 e[icelesiarum
812 2805 931 2874 ipsorum
983 2797 1094 2870 [Stratie
1116 2801 1330 2875 generationem]
1355 2805 1447 2862 habet.
1472 2807 1505 2862 iit
1519 2808 1546 2864 in
1564 2798 1690 2878 prasenti
1712 2817 1775 2871 duae

131 2899 266 2969 iudicium
274 2898 397 2969 luporum
410 2894 554 2967 Georgium
563 2895 746 2963 Alexandria,
754 2905 782 2951 et
792 2896 930 2966 Basilittm,
982 2899 1123 2961 serpentes
1137 2908 1171 2947 ea
1194 2892 1293 2948 Ariana
1302 2896 1395 2966 aspide
1408 2906 1477 2953 nate
1487 2908 1549 2954 sunt
1559 2898 1659 2957 Valens
1673 2911 1701 2958 et
1721 2902 1773 2961 Ur·

131 3002 160 3048 et
182 2991 367 3060 Quincianum
389 2986 480 3056 Gazae,
493 3000 545 3043 nee
558 2986 701 3058 episcopos
714 2985 864 3057 nominari,
880 3001 932 3043 nec
975 2985 1075 3050 sacius,
1092 2987 1137 3056 εει
1149 2989 1298 3057 gloriantur
1307 2999 1335 3045 ει
1349 3006 1403 3044 εεε
1415 2991 1538 3053 dubitant
1558 2994 1647 3051 dicere
1666 3011 1696 3052 se
1712 3012 1773 3055 osso

130 3081 306 3138 Christianos
318 3079 426 3153 penitus
440 3077 583 3151 appellari,
597 3092 648 3134 nec
669 3075 786 3149 aliquam
798 3093 860 3135 curn
886 3077 930 3134 bis
982 3074 1161 3150 Christianos,
1187 3088 1216 3136 et
1226 3081 1296 3151 quod
1310 3079 1437 3151 Verbum,
1452 3095 1479 3140 ct
1493 3086 1603 3156 spiritus
1617 3088 1772 3146 vulneratus

131 3174 237 3231 babere
249 3173 478 3238 communionem,
495 3173 539 3228 tel
553 3186 648 3228 eorum
664 3171 766 3227 litteras
779 3172 927 3243 suscipere,
943 3145 967 3209 C
981 3176 1034 3239 est,
1049 3178 1077 3225 et
1090 3170 1213 3237 occisus,
1228 3181 1257 3229 ει
1268 3181 1401 3244 mortuus,
1415 3184 1444 3230 et
1465 3181 1630 3245 resmnexit3
1649 3191 1676 3235 ct
1700 3182 1771 3251 cuod

132 3265 176 3323 rel
193 3264 232 3321 ad
253 3265 328 3337 ipsos
341 3264 471 3321 scrihere.
485 3262 658 3319 Theodorum
671 3262 859 3320 Heracleoten
874 3262 929 3320 iiu-
981 3261 1082 3317 assolet
1096 3263 1284 3320 hereticorum
1297 3276 1444 3324 contentus
1455 3269 1634 3336 contendere,
1653 3271 1772 3328 diversas

131 3373 208 3428 rapae
219 3372 282 3414 cum
296 3359 353 3414 ruis
366 3357 401 3415 de
411 3355 491 3431 [dape
503 3353 668 3427 Neroniade]
682 3355 803 3412 idarouie
815 3355 926 3421 cilicie,
979 3367 1041 3409 esse
1054 3354 1218 3411 substantias
1242 3354 1341 3420 Patris.
1361 3365 1389 3415 et
1402 3356 1478 3427 Filii,
1493 3370 1521 3415 et
1534 3360 1649 3430 Spiritus
1669 3365 1769 3430 εεεειι,

130 3460 157 3506 ει
164 3448 305 3506 naeres
316 3448 469 3506 Palestiuae
480 3447 653 3517 Narcissum,
668 3458 696 3505 et
710 3447 850 3513 academ,
865 3448 927 3504 ste·
978 3458 1005 3500 et
1019 3459 1080 3500 esso
1094 3446 1269 3515 separabiles.

129 3539 252 3611 phanum
284 3538 515 3607 Antiochenam,
541 3536 679 3594 Ursacinm
703 3536 927 3607 singidunensem
1014 3537 1068 3592 Νεε
1082 3548 1172 3594 autem
1184 3537 1254 3593 hanc
1272 3537 1440 3609 suscepimus
1457 3550 1485 3597 et
1496 3540 1569 3599 docti
1582 3557 1686 3611 sumus,
1702 3549 1771 3603 banc

128 3632 253 3700 blesim,
269 3640 297 3687 et
314 3621 454 3687 Valentem
476 3630 641 3686 ιιεειεεεειε
656 3629 820 3696 Pannoniae,
835 3629 925 3685 lieno·
979 3627 1111 3684 habemus
1130 3629 1290 3686 catholicam
1311 3640 1338 3685 et
1351 3630 1526 3701 apostolicam
1547 3636 1729 3703 traditionem,
1743 3647 1771 3698 et

129 3721 263 3792 pbaututu
272 3719 430 3790 Ephesium,
443 3719 586 3791 Georgium
599 3718 731 3775 Laodiciae
741 3719 816 3790 (licet
828 3721 927 3776 timens
979 3719 1072 3788 tidem,
1096 3729 1124 3775 et
1149 3718 1375 3776 contessionem:
1397 3737 1477 3777 unam
1503 3738 1563 3780 esse
1582 3727 1769 3797 substantiam,

128 3827 182 3867 nou
208 3810 329 3866 adiuerit
344 3809 378 3866 de
397 3809 525 3876 Oriente,
552 3818 643 3865 ιεειεε
665 3823 698 3865 eo
719 3811 791 3881 quod
810 3826 826 3862 a
846 3811 925 3867 beato
979 3829 1060 3881 «priam
1076 3815 1124 3881 ipsi
1138 3810 1225 3868 Graeci
1239 3814 1323 3868 usiam
1342 3815 1486 3885 appellant,
1505 3814 1601 3884 Patris,
1615 3830 1644 3874 et
1659 3818 1729 3887 Filii,
1743 3831 1771 3877 et

127 3901 287 3960 Alexandro
297 3902 423 3973 episcopo
440 3901 616 3958 Alexandriae
629 3889 768 3974 depositus
783 3903 829 3974 sit)
841 3900 854 3941 ‘¹
866 3918 927 3975 pro-
978 3904 1095 3974 Spiritus
1110 3905 1213 3971 sancti;
1233 3914 1262 3960 et
1280 3908 1302 3959 si
1320 3916 1417 3974 quaertt
1429 3907 1489 3976 quis
1505 3908 1564 3962 Filii
1581 3911 1769 3978 substantiam,

129 4003 187 4065 pter
196 4010 230 4052 sc
244 4008 277 4050 ac
290 4010 355 4051 suos
364 3993 482 4065 collegas
496 3996 623 4065 Arianos,
638 4005 666 4052 et
677 3997 712 4053 ob
726 3995 804 4069 [depe
817 3993 925 4067 eis]eos
978 4007 1021 4052 est
1036 4011 1083 4065 pro
1098 4004 1172 4052 certo
1187 3995 1244 4052 εεε
1259 3992 1269 4034 ¹
1285 4010 1365 4065 qnam
1379 3997 1462 4053 solius
1472 3998 1532 4053 sine
1542 3997 1631 4062 Patre,
1642 3999 1714 4070 quud
1728 4011 1771 4059 est

128 4085 202 4143 illata
223 4085 347 4154 crimina,
371 4099 465 4142 omnes
479 4087 705 4160 sanctasynodus
729 4088 853 4159 deposuit
867 4089 926 4158 cpi·
979 4086 1109 4152 Verbum,
1125 4084 1252 4156 Spiritus.
1267 4085 1419 4142 Absundum
1438 4088 1510 4143 enim
1525 4097 1567 4143 est
1589 4103 1660 4146 notre
1678 4089 1771 4146 dicere

164 4301 181 4330 ⁸
201 4289 243 4347 ita
265 4287 371 4359 quidem
394 4286 475 4344 etiam
490 4287 574 4344 Greci
599 4285 705 4342 codices
727 4284 868 4342 athanasii
892 4299 924 4339 ac
1016 4282 1027 4322 ι
1048 4282 1126 4354 Apud
1139 4281 1313 4340 Athanasium
1332 4293 1360 4339 et
1374 4284 1502 4341 llilarium
1516 4284 1769 4354 additucclausnla,

130 4359 307 4426 Theodoreti,
320 4374 372 4415 nec
385 4373 440 4414 nou
454 4357 621 4428 Epiphanius
637 4358 682 4428 εει
701 4369 777 4425 aeque
791 4362 925 4411 acrineter
976 4367 1091 4424 quarum
1106 4354 1190 4407 altera
1206 4351 1307 4409 Graecis
1326 4356 1494 4410 communior
1509 4357 1631 4411 redditur
1644 4370 1684 4411 stc
1697 4373 1703 4409 :
1718 4357 1768 4410 lli·

130 4435 267 4502 interpres
283 4445 315 4486 ex
335 4427 431 4484 Graeco
445 4429 570 4483 reddidit.
586 4429 623 4482 ttt
644 4426 782 4496 exemplar
800 4423 924 4479 Latinum
976 4427 1036 4477 uitro
1053 4423 1212 4492 prouidentia
1224 4437 1326 4477 tunctoa
1344 4433 1369 4477 et
1382 4425 1454 4478 ioetos
1467 4442 1512 4479 coa
1525 4437 1663 4490 conseruet,
1676 4426 1769 4495 frutra
1791 4453 1795 4460 ·

130 4503 224 4559 Hilarii
238 4501 330 4556 Αεὶειε
342 4499 427 4553 holel.
444 4498 521 4553 linim
533 4511 598 4553 nero
612 4495 706 4562 Αειεε,
721 4510 776 4551 εεε
791 4493 924 4549 Μειεειιιι
975 4494 1063 4548 dilecti
1070 4511 1079 4546 .·
1088 4494 1172 4548 altera
1183 4491 1338 4547 Latinorum
1350 4496 1457 4562 propria
1467 4511 1474 4548 a
1485 4494 1611 4566 Optumus
1622 4497 1714 4566 fratres
1725 4511 1769 4550 not

130 4576 155 4629 in
169 4570 413 4640 subscriptionibus
436 4568 655 4629 sardicensibus,
670 4578 698 4623 et
717 4570 745 4619 in
770 4565 924 4625 nominibus
975 4565 1002 4618 in
1019 4562 1130 4618 Domino
1148 4562 1210 4617 bene
1223 4564 1315 4618 soloe.
1332 4562 1443 4632 Reliqua
1458 4579 1531 4626 nero,
1545 4581 1605 4635 εεε
1621 4567 1768 4633 expositio·

129 4645 320 4715 episcoporum
331 4639 401 4709 apud
412 4638 498 4706 ipsum
510 4636 685 4693 Athanasium
708 4636 806 4705 legitur
822 4652 831 4690 t
847 4637 924 4706 isque
976 4650 1036 4691 nem
1052 4634 1276 4697 desiccationem,
1292 4637 1362 4702 apud
1383 4634 1582 4689 Theodoretnm
1597 4644 1709 4705 ejusque
1726 4637 1780 4690 in·.

129 4729 154 4835 n
168 4711 285 4837 ut
300 4707 481 4832 taho
497 4690 1311 4832 ttttttstttttatttt·⁰ttnttttltttttt
1326 4705 1769 4831 tttttttlatratttem

129 4791 348 4908 tiiiruriuieirc
361 4795 388 4901 itt
403 4794 513 4912 aiiohio,
527 4850 571 4917 qui
585 4846 616 4900 ol
629 4847 694 4918 ipsit
707 4847 874 4901 demiserunt.
893 4816 921 4900 lti
976 4846 1037 4910 sita,
1049 4855 1158 4914 recepta
1172 4859 1225 4899 nott
1234 4791 1352 4901 tnarninq.
1363 4845 1462 4901 Confer
1473 4791 1585 4901 notamyl
1594 4791 1704 4920 (seprio,
1717 4792 1769 4903 iit.

129 4925 227 4978 eodem
249 4933 331 4990 porro
347 4918 471 4988 exemplo
485 4917 577 4973 hilarii
590 4919 654 4972 ttrio
676 4917 747 4971 male
768 4915 922 4987 adjungitur
977 4914 1039 4982 859,
1054 4926 1110 4970 not.
1123 4913 1165 4983 ¹).-

130 4988 350 5062 simoniacum
365 4986 692 5043 Astedaisnbstituendus
705 4997 756 5042 est.
1013 4993 1027 5032 ι
1045 4985 1140 5042 Graece
1152 4987 1222 5054 apud
1241 4984 1440 5042 Theodoreturu
1459 4988 1602 5060 ἁγιεεητος,
1619 4985 1690 5057 apud
1705 4985 1768 5055 Epi·

111 5065 113 5071 ‘
163 5062 237 5117 ltidn
257 5060 316 5117 aliis
330 5067 386 5114 tum
399 5057 518 5123 Graccis,
533 5065 589 5113 tum
609 5056 711 5113 Latinis
724 5053 923 5127 exemplartbus
977 5055 1254 5128 pbaniuminpenitas.
1271 5056 1377 5112 melius.

130 5130 280 5203 supplenda
304 5138 368 5184 sunt
382 5145 390 5181 a
404 5128 541 5183 acriientea
558 5127 594 5182 od
609 5141 816 5198 arrmquumque
835 5140 924 5180 eorum
1007 5122 1029 5246 ιι
1047 5126 1141 5181 ΜεΙιεε
1164 5127 1260 5196 Epiph.
1284 5129 1344 5195 qaia
1367 5127 1405 5179 ric
1430 5125 1566 5189 dicerunt,
1590 5124 1660 5193 quod
1679 5130 1767 5180 notuot

197 5204 203 5215 '
241 5202 247 5214 ·
408 5237 418 5251 .
1057 5204 1093 5248 ι.

131 5208 414 5348 πίυἵιροὲῗηὲςῗιὲξιΐε
423 5278 539 5342 ipsorum
551 5286 623 5325 more
639 5269 771 5339 luporum.
783 5270 920 5338 Interpres
978 5210 1027 5301 “i
1041 5208 1095 5317 eiiii}
1105 5266 1278 5319 amanuensis
1290 5263 1357 5318 vilio
1369 5262 1491 5318 delectus
1500 5273 1543 5318 esi
1555 5260 1668 5330 aiicujus
1677 5261 1767 5329 iim,

133 5365 184 5414 pro
197 5352 278 5415 itanu
297 5363 380 5408 onore,
393 5345 528 5400 intellexit
543 5343 660 5396 iortusse
673 5340 752 5409 δικὴε
768 5341 918 5411 justitium,
977 5346 1029 5389 nro
1042 5348 1095 5386 uun
1109 5333 1205 5402 aliquis
1219 5338 1360 5403 scripture
1375 5347 1453 5414 error
1463 5351 1471 5387 :
1483 5347 1544 5387 cum
1553 5346 1588 5388 ει
1605 5329 1768 5411 Grecosup·

131 5431 160 5474 ct
175 5418 306 5481 iudicium
321 5416 452 5470 reddidit.
976 5402 1104 5474 piendum
1116 5415 1144 5456 ει
1155 5406 1350 5458 emendandum
1368 5412 1404 5456 stt
1417 5420 1424 5455 ι
1439 5417 1517 5471 quum
1533 5412 1557 5458 et
1578 5401 1667 5456 Patria
1684 5403 1769 5458 solum

166 5488 299 5544 dchirius
310 5487 380 5555 apud
394 5483 526 5540 hilarium
538 5497 545 5538 :
557 5491 583 5535 et
592 5479 662 5553 quod
671 5480 706 5533 ειι
715 5487 769 5534 tom
777 5480 920 5550 illc.qttom
973 5489 1030 5528 erae
1044 5473 1072 5526 in
1087 5475 1204 5539 confesso
1218 5485 1255 5526 eat
1265 5488 1276 5527 .·
1288 5489 1368 5542 necne
1380 5488 1493 5541 coquom
1502 5472 1608 5528 Putrem
1621 5472 1677 5527 εἰει
1686 5470 1768 5537 Filio,

132 5561 216 5611 etiam
231 5559 330 5621 reteri,
344 5557 388 5626 εει
403 5552 583 5622 comprehensi
596 5558 657 5607 tunt
672 5552 880 5621 sarmiedrt'ani
895 5560 920 5606 et
976 5559 1056 5613 ιιθειιι
1071 5541 1327 5624 &linostimam
1342 5545 1544 5626 ιιιιεοιιςιιεε
1556 5542 1768 5623 Palaemonio
1803 5621 1811 5628 .

133 5642 272 5696 arrepturo
284 5628 384 5698 objecto
399 5625 523 5679 εειιειεε.
981 5611 1092 5666 Verbum
1102 5614 1219 5680 spiritua.
1230 5614 1374 5667 airardum
1383 5622 1420 5667 est
1431 5630 1500 5670 earm
1511 5616 1594 5671 atcere
1604 5612 1711 5670 Patrem
1719 5614 1768 5673 alt·

174 5697 230 5752 eld
247 5705 298 5766 est,
315 5695 540 5752 adulteraverunt.
761 5769 764 5776 γ
980 5685 1083 5752 amodo
1095 5683 1200 5740 Patrem
1210 5700 1261 5740 nort
1273 5685 1362 5747 tuine
1379 5691 1423 5742 ιιι
