4000 6175
272 280 324 335 859
755 273 799 330 so
816 270 929 327 orant
947 271 976 327 S.
998 271 1119 327 teonis
1138 272 1243 327 iliGh'i
1264 270 1444 326 areentur.

272 407 351 463 agere
377 390 531 455 delinimus,
548 398 575 446 et
602 402 656 444 non
680 402 742 441 curn
771 385 1016 450 commendatitiis3
1032 400 1064 440 eo
1080 389 1103 446 Α
1118 387 1261 443 suerriares
1282 388 1354 456 leges
1370 384 1535 457 prohibitum
1551 394 1592 441 est
1606 400 1613 437 ε
1626 383 1709 438 undio
1725 399 1809 454 magas
1826 389 1852 444 in
1863 390 1908 449 liei

271 482 343 555 guod
362 482 528 552 episcopales
542 469 769 536 commendatitiae
792 476 914 533 honestis
941 478 1061 547 praestari

272 575 376 630 soleant
392 573 524 643 personis.

309 666 364 722 xil.
381 664 458 722 licuit
472 665 504 719 ad
525 679 574 718 nos
588 662 778 733 quodquidam
793 672 885 716 contra
900 661 1063 717 ecelesiasti-

271 771 317 812 cas
332 758 404 825 leges
421 764 610 810 concurrentes
631 753 664 808 ad
680 762 836 824 potestates,
854 768 901 822 per
916 754 1060 823 pragmati-

274 863 320 902 cas
332 862 410 900 sarram
427 846 628 913 provinciamin
651 846 718 901 siuas
733 846 891 914 diuiserunt,
909 860 937 900 ut
952 861 984 900 ex
1011 849 1062 899 hnc

271 941 322 994 dori
333 939 513 1010 metropolita·
526 948 617 993 essent
628 939 654 992 in
666 953 716 992 nna
729 938 874 1008 prouincia.
891 936 998 991 Delirdit
1014 938 1063 1006 igi·

270 1040 315 1084 tur
329 1038 420 1085 satiata
432 1032 550 1101 synodus
564 1030 598 1084 de
612 1031 715 1100 reliquo
726 1030 832 1100 quidem
851 1030 916 1084 niirii
941 1031 992 1084 talc
1015 1030 1062 1082 iur-

270 1122 385 1192 jusmodi
410 1124 504 1177 tentari
525 1123 715 1191 abepiscopo.
744 1122 794 1189 Qui
821 1137 886 1175 sero
906 1123 1060 1181 tentaverit,

271 1214 378 1268 excidat
391 1213 425 1268 de
436 1228 485 1268 suo
496 1215 591 1284 gradu.
607 1215 779 1282 Quamcunque
794 1228 857 1267 nero
868 1213 922 1282 jaro
938 1214 1061 1267 civitates

270 1320 320 1374 per
335 1304 437 1359 litteras
463 1304 616 1373 imperiales
644 1304 851 1372 ureiropolitano
878 1302 1061 1359 honorilicatar

269 1408 332 1454 sunt
353 1401 470 1464 alumine,
492 1398 551 1454 sole
567 1397 647 1472 [laege
661 1397 731 1469 solo]
751 1398 879 1465 ineantur
899 1399 1012 1466 honore,
1035 1410 1062 1454 ct

270 1491 410 1560 episcopus
422 1491 466 1559 qui
486 1490 607 1545 eamdem
624 1491 765 1545 ecelesiam
779 1491 923 1561 gubernat,
935 1490 1062 1546 uidelicet

269 1589 375 1635 serrato
389 1580 535 1634 secuudum
548 1581 688 1637 veritatem
705 1581 918 1651 metropolitanis
928 1596 979 1636 suo
988 1581 1060 1652 jore.

304 1669 374 1725 xiii.
391 1669 552 1741 Peregrinos
565 1672 688 1733 ciericos,
703 1672 744 1727 rel
758 1671 873 1728 lectores
886 1673 912 1726 in
926 1673 1009 1729 alteia
1022 1673 1062 1729 ci·

1115 477 1234 534 Ecclesia
1258 479 1381 534 interdici
1403 486 1518 547 oportet.
1542 478 1701 545 Quintoque
1723 476 1905 545 igitureieriei

1114 574 1155 626 rei
1171 572 1294 626 monachi
1311 571 1412 626 inuenti
1425 570 1524 626 luerint
1538 569 1723 637 conjurantes,
1732 569 1776 624 rei
1790 568 1904 640 factiosi,

1114 663 1156 718 rei
1171 664 1282 719 insidias
1301 663 1488 719 machinantes
1512 650 1656 732 episeopis,
1679 662 1721 718 rei
1737 661 1903 737 condedas,

1113 755 1238 811 excidant
1250 755 1408 811 omnimodo
1421 754 1455 810 de
1466 768 1517 810 sno
1528 754 1624 825 grado.

1148 846 1219 902 xix.
1241 847 1320 902 Venit
1339 846 1372 902 ad
1388 856 1494 902 nostras
1516 860 1596 901 aures
1616 846 1643 899 in
1668 846 1814 915 provinciis
1836 849 1901 919 guod

1113 939 1241 993 canonice
1262 937 1357 1010 synodi
1379 952 1432 993 non
1457 936 1522 991 dant
1551 936 1586 991 ah
1610 936 1746 1006 episeopis
1769 955 1777 993 z
1802 952 1835 994 er
1857 942 1901 995 iot

1114 1030 1195 1083 muita
1210 1031 1381 1099 negliguntur
1399 1044 1459 1099 garae
1472 1037 1554 1099 egent
1575 1028 1769 1084 emendatione
1782 1031 1902 1088 coelent-

1112 1122 1238 1176 sticarum
1255 1137 1355 1177 rerum.
1381 1120 1491 1176 heliniit
1515 1120 1598 1190 igitur
1621 1130 1712 1174 sancta
1728 1120 1849 1191 synodus
1864 1137 1901 1177 se-

1112 1211 1228 1266 condum
1240 1211 1348 1267 Parnm
1362 1224 1490 1274 mannes,
1502 1208 1681 1280 persingulas
1692 1224 1779 1275 annos
1789 1214 1900 1268 ”mado

1112 1316 1276 1359 concurrere
1300 1301 1488 1372 persingulas
1510 1299 1663 1370 provincias
1686 1302 1841 1371 episcopos,
1860 1301 1899 1358 unt

1113 1395 1339 1465 acropolitanus
1351 1398 1494 1466 episcopus
1505 1393 1688 1459 counitaerit,
1712 1403 1742 1449 et
1764 1394 1900 1450 emendare

1113 1490 1217 1558 singula
1229 1504 1291 1558 guar
1306 1498 1458 1559 emergunt.
1474 1486 1533 1544 Non
1557 1486 1749 1542 convenientes
1771 1503 1837 1543 rero
1850 1488 1900 1556 epi·

1112 1594 1218 1647 scopas,
1236 1579 1276 1637 rei
1291 1581 1439 1636 residentes
1454 1580 1480 1634 in
1500 1577 1738 1642 suiscinitatibus,
1763 1589 1792 1634 et
1815 1579 1898 1634 hocin

1113 1674 1228 1728 sanitate
1242 1672 1380 1742 degentes,
1394 1679 1422 1727 et
1434 1670 1468 1725 ah
1482 1669 1555 1725 omrai
1573 1679 1585 1709 a
1598 1668 1758 1735 excusabili,
1771 1678 1802 1724 et
1814 1684 1899 1725 arme-

270 1761 351 1815 nitate
364 1759 424 1815 sine
438 1762 663 1816 commendatitiis
679 1761 775 1818 interis
792 1763 834 1817 soi
853 1763 972 1834 episcopi
988 1764 1063 1820 rruilo
1077 1756 1102 1818 B
1115 1765 1185 1819 saria
1199 1764 1375 1832 occupatione
1389 1762 1535 1817 existentes
1549 1761 1660 1823 liberos,
1676 1758 1795 1815 iraterne
1808 1762 1896 1830 arguit.

272 1851 354 1906 modo
363 1851 459 1907 alicubi
471 1852 635 1908 ministrare.

306 1941 376 1996 xiv.
391 1943 522 2008 Quoniam
534 1942 560 1997 in
574 1944 733 2014 quibusdam
746 1944 894 2015 proviaciis
903 1961 1062 2003 concessum

269 2042 310 2087 est
323 2031 464 2088 lectoribus
489 2031 599 2105 [Suppli
610 2033 648 2107 et]
662 2036 754 2105 psaltis
766 2050 877 2092 orarem
891 2038 1002 2102 ducere,
1016 2038 1064 2095 der

270 2120 338 2176 liniit
347 2132 439 2178 sancta
452 2125 572 2196 synodos
585 2139 638 2179 non
654 2126 737 2182 licere
748 2128 865 2197 aliquem
881 2143 974 2184 eorum
987 2129 1058 2184 aite-

269 2213 326 2267 rius
339 2220 420 2267 serta
435 2228 546 2268 uxorem
558 2215 691 2283 accipere.
708 2215 761 2271 an
780 2231 845 2273 vero
859 2217 903 2288 qui
917 2217 951 2273 de
966 2219 1063 2274 talibus

269 2302 369 2371 nuptiis
397 2302 468 2358 itlius
487 2305 698 2374 procreaverint,
718 2310 741 2367 si
752 2307 859 2375 quidem
885 2320 1063 2369 occurrerunt

269 2393 395 2461 haptirur·
412 2409 445 2449 es
462 2396 501 2449 cis
519 2395 603 2450 creati
615 2397 684 2464 apud
710 2397 861 2466 haereticos,
890 2400 989 2458 oderre
1015 2420 1063 2462 eos

269 2482 448 2538 eommrruioni
461 2484 600 2539 catholicae
613 2485 753 2553 Ecclesiam
770 2504 824 2543 non
839 2489 987 2560 baptizatos
999 2511 1063 2551 rero

268 2583 321 2625 uon
336 2586 413 2639 posse
433 2573 503 2642 apud
517 2574 658 2631 hacreticus
684 2575 824 2645 baptisari.
846 2578 939 2651 Neque
952 2584 1061 2654 quidem

268 2662 388 2735 copulari
403 2679 450 2718 eos
461 2666 561 2735 nuptiis
573 2660 703 2736 haeretici,
718 2669 761 2724 vei
772 2669 868 2735 ludaei,
891 2675 935 2728 rei
951 2680 1060 2744 pagani,

268 2753 318 2807 nisi
333 2754 401 2811 iorte
415 2758 568 2825 promiserit
578 2775 608 2814 se
619 2762 739 2818 converti
753 2762 780 2818 in
792 2764 970 2823 orthodoxam
981 2769 1062 2826 iidem

266 2862 326 2912 noae
351 2849 520 2919 conjungitur
548 2850 745 2927 [Supplecum]
761 2872 877 2924 persona
900 2862 1060 2921 orthodoxa.

267 2938 295 2993 Si
312 2942 481 3010 reroaiiqrris
496 2943 565 2999 hane
583 2942 767 3002 delinitionem
784 2958 967 3023 transgressus
982 2956 1062 3012 suerit

267 3039 367 3084 sancte
379 3034 485 3103 synodi,
501 3036 637 3093 canonicas
651 3038 788 3108 subjaceat
801 3057 888 3112 poenae

1149 1854 1208 1910 xx.
1228 1853 1347 1910 ciericos
1360 1855 1386 1908 iu
1401 1867 1448 1908 sua
1463 1852 1583 1909 Ecclesia
1595 1851 1755 1915 existentes,
1770 1853 1840 1905 sit-ut
1849 1854 1897 1918 jun

1113 1945 1294 2012 definivimus,
1311 1961 1364 2002 non
1379 1947 1462 2002 licere
1476 1945 1503 2000 in
1518 1944 1634 1999 alterius
1655 1944 1766 1999 civitate
1788 1944 1897 1999 ordinari

1113 2049 1139 2093 et
1156 2036 1290 2103 Ecclesia:
1305 2038 1351 2092 sed
1365 2043 1508 2092 contentos
1522 2034 1548 2090 in
1563 2034 1607 2089 iiia
1626 2048 1689 2090 esse
1713 2034 1740 2088 in
1755 2050 1805 2102 qua
1827 2032 1897 2088 ruini·

1113 2137 1201 2184 strare
1214 2128 1248 2183 ab
1262 2129 1339 2185 initio
1354 2134 1530 2192 meruerunt:
1545 2135 1642 2194 praeter
1656 2127 1716 2180 iilos
1727 2127 1771 2193 oui
1784 2125 1897 2195 perdide·

1113 2230 1177 2276 rnnt
1190 2235 1253 2276 snas
1266 2221 1376 2290 patrias,
1390 2227 1417 2275 et
1425 2233 1458 2276 er
1472 2218 1633 2275 neeemitatc
1645 2215 1671 2270 in
1686 2215 1798 2271 niteram
1815 2215 1896 2271 certe

1113 2313 1180 2365 siam
1196 2311 1368 2366 transierunt.
1384 2309 1413 2366 si
1436 2324 1502 2365 raro
1520 2308 1588 2364 aiios
1602 2308 1745 2377 episeopus
1761 2307 1896 2377 posthanc

1114 2403 1298 2459 definitionem
1312 2404 1345 2458 ad
1359 2403 1474 2458 aiterum
1489 2400 1645 2471 episcopum
1660 2399 1839 2469 pertinentem
1857 2413 1896 2454 so·

1113 2495 1231 2566 saeperit
1241 2496 1380 2561 clericum,
1399 2496 1498 2565 placuit
1510 2493 1740 2549 excommunicari
1752 2488 1767 2531 l
1781 2502 1810 2548 et
1822 2494 1894 2547 susci·

1114 2593 1240 2657 pienum,
1260 2588 1346 2644 donec
1359 2588 1404 2657 orti
1428 2602 1459 2642 se
1482 2585 1621 2642 transtulit
1643 2583 1767 2650 clericus.
1789 2584 1816 2639 iu
1830 2598 1893 2640 ruarr

1113 2696 1238 2736 resersus
1251 2682 1331 2736 luerit
1348 2679 1506 2737 Ecclesiam.
1845 2720 1851 2729 .

1151 2771 1220 2828 iiiii.
1235 2773 1332 2829 Clerici
1347 2781 1374 2829 et
1390 2772 1450 2828 iaici
1465 2772 1544 2845 [Lege
1554 2770 1675 2827 Clericos
1686 2771 1731 2825 vel
1745 2769 1836 2842 laicos]
1856 2770 1897 2840 gai

1112 2875 1240 2920 accusant
1254 2866 1397 2936 episcopos
1412 2864 1453 2920 rei
1475 2862 1591 2920 elericos
1609 2863 1669 2918 sine
1683 2877 1763 2919 causa
1777 2873 1804 2919 et
1823 2863 1893 2936 622

1113 2957 1334 3028 improbabiliter,
1360 2974 1412 3012 non
1438 2957 1537 3026 suscipi
1560 2957 1587 3011 in
1610 2955 1826 3020 accusationem,
1850 2957 1892 3009 nisi

1113 3052 1188 3118 prius
1202 3048 1323 3104 discrrssa
1338 3046 1417 3104 luerit
1431 3061 1525 3103 eorum
1537 3046 1640 3117 opinio.

303 3122 361 3175 xv.
389 3125 571 3181 liiacouissam
597 3144 651 3183 narn
681 3131 800 3187 ordinari
832 3137 970 3194 mniierern
996 3126 1095 3199 antec
1147 3139 1230 3194 iiiiii.
1250 3140 1308 3194 Non
1321 3140 1404 3195 licere
1416 3139 1522 3194 clericis
1533 3147 1593 3207 post
1605 3146 1720 3192 mortem
1734 3138 1892 3204 smepiscopr

267 3215 442 3284 pontinagium
456 3233 552 3285 annos,
567 3231 595 3276 et
606 3220 674 3276 hanc
687 3238 747 3279 curn
759 3226 879 3299 diligenti
889 3232 1059 3305 probatioue3

267 3315 294 3360 ct
306 3305 328 3359 si
342 3309 491 3378 strscipiens
501 3310 710 3381 ordinationem,
726 3326 753 3372 et
765 3330 871 3389 tempos
883 3321 990 3392 aliquod
999 3343 1060 3397 per-

267 3410 395 3450 severans
422 3398 586 3468 ministerio,
611 3407 783 3476 semetipsam
799 3412 938 3470 tradiderit
960 3418 1060 3487 nuptiis

267 3495 442 3543 contemnens
464 3491 509 3546 liei
529 3494 657 3562 gratiam;
682 3497 834 3567 hujusmodi
850 3505 1059 3565 anathemathe

267 3585 312 3632 tttr
322 3593 381 3632 cum
397 3579 442 3633 iiio
455 3583 500 3650 qui
515 3597 575 3637 cum
590 3599 621 3640 ea
637 3590 776 3658 copulatos
789 3601 839 3648 est.

304 3666 372 3723 xiii.
400 3669 532 3740 t'irginem
555 3691 618 3744 qum
633 3689 719 3735 semet
736 3681 844 3739 deuouit
856 3687 1057 3765 Domin0621

266 3759 332 3824 Deo,
359 3761 484 3818 similiter
507 3775 535 3821 ei
556 3773 715 3826 monacnum
731 3790 782 3830 non
801 3778 882 3834 licere
905 3781 938 3835 ad
952 3787 1058 3853 nuptias

265 3851 366 3905 restire.
389 3850 416 3908 st
441 3869 506 3909 verri
530 3860 630 3927 reperti
651 3861 752 3919 luerint
774 3865 826 3920 iroc
849 3868 988 3941 iacientes,
1004 3874 1058 3928 sint

265 3945 501 4002 excommunicati.
516 3949 662 4007 lielinimns
677 3970 740 4009 sero
754 3956 854 4013 hahere
869 3963 1056 4020 auctoritatem

264 4034 290 4087 in
304 4037 343 4089 eis
355 4038 547 4095 misericordiae
561 4042 673 4099 localem
690 4051 857 4118 episcopum.

300 4125 380 4184 xt'tt.
397 4129 509 4186 iluraies
522 4134 663 4202 parochias
674 4137 700 4192 in
717 4144 932 4206 possessionibus
946 4163 1056 4206 nranerc

263 4218 436 4276 inconcussas
447 4222 517 4289 apud
532 4225 675 4294 episcopos
689 4230 733 4298 qui
746 4241 837 4287 tenent
848 4249 904 4296 eas.
919 4249 946 4291 et
963 4245 1057 4308 piraeei·

262 4324 314 4376 pue
327 4312 348 4363 si
366 4311 504 4367 tricennali
519 4329 589 4368 anno
603 4315 791 4376 inuiolabiliter
804 4325 951 4383 retinentes
964 4339 977 4367 ι
989 4333 1054 4386 mdi-

261 4399 419 4455 straverunt.
443 4402 470 4457 Si
487 4419 552 4459 vero
567 4405 637 4462 intra
663 4410 697 4465 50
719 4425 805 4470 annos
821 4419 889 4473 iacta
910 4428 951 4474 est
964 4422 1052 4492 aijqna

1112 3246 1206 3299 rapere
1219 3247 1263 3287 res
1276 3233 1309 3285 ad
1323 3248 1386 3288 euna
1401 3231 1577 3301 pertinentes,
1592 3230 1662 3284 sient
1674 3239 1701 3283 et
1716 3227 1816 3297 pridem
1828 3244 1890 3283 aer-

1111 3323 1227 3377 uonibos
1241 3323 1409 3378 interdictum
1422 3331 1479 3387 est:
1493 3331 1521 3378 et
1535 3321 1586 3377 hoc
1609 3321 1740 3377 iacientes
1760 3321 1888 3391 periclitari

1110 3428 1160 3470 sno
1172 3414 1267 3484 gradu.

1147 3505 1241 3561 iiillii.
1263 3506 1343 3561 Venit
1356 3506 1389 3561 ad
1404 3518 1485 3561 aures
1497 3513 1598 3561 sanetae
1614 3504 1712 3575 synodi
1726 3505 1795 3575 pund
1809 3501 1887 3559 clerici

1109 3596 1217 3665 quidam
1232 3605 1260 3652 et
1282 3596 1407 3652 monachi
1431 3595 1504 3651 nulla
1521 3595 1572 3651 sibi
1593 3610 1673 3651 causa
1694 3595 1809 3664 injuncta
1821 3609 1833 3647 a
1845 3607 1886 3647 suu

1109 3691 1235 3758 episcopo
1248 3700 1274 3745 et
1294 3700 1348 3745 tarn
1363 3690 1472 3760 quando
1492 3703 1522 3745 sa
1541 3690 1803 3745 excommunicantes
1816 3687 1846 3741 air
1858 3701 1885 3740 se

1109 3783 1220 3836 ueniunt
1235 3780 1314 3854 [Lege
1325 3791 1354 3838 et
1367 3782 1511 3852 aliquando
1525 3781 1749 3838 exeommunicati
1761 3781 1794 3835 air
1807 3795 1837 3835 eo
1848 3791 1884 3833 ra·

1109 3875 1194 3942 nium,
1210 3872 1270 3946 etri
1285 3875 1318 3929 ad
1333 3875 1402 3931 hane
1415 3875 1515 3945 regiam
1529 3875 1797 3942 Constantinopolim,
1811 3872 1884 3927 ardu

1108 3967 1135 4022 in
1150 3985 1181 4022 ea
1199 3979 1399 4023 commorantes
1419 3968 1559 4032 tumuitus,
1580 3977 1605 4021 et
1625 3969 1837 4035 perturbationes
1853 3962 1883 4017 la-

1107 4059 1180 4115 eiunt
1191 4061 1373 4115 ecclesiastico
1386 4059 1478 4122 statui,
1493 4067 1520 4114 et
1531 4070 1656 4114 evertunt
1670 4059 1751 4113 etiarn
1766 4069 1880 4126 utrorum·

1106 4149 1168 4205 tiam
1180 4151 1285 4205 domos.
1300 4149 1425 4207 [tennirtt
1447 4158 1540 4205 sancta
1554 4151 1674 4221 sysimius
1686 4146 1832 4214 irrrjtrsnrodi
1843 4144 1884 4199 ad-

1107 4240 1210 4295 moneri
1224 4240 1331 4308 ‹pridrm
1345 4241 1418 4309 prius
1433 4255 1482 4309 per
1495 4239 1665 4295 deierrsorern
1678 4240 1881 4305 Constantinnps

1107 4331 1196 4386 litanae
1220 4341 1320 4386 sanctae
1352 4331 1489 4387 Ecclesiae.
1514 4332 1541 4386 si
1565 4347 1628 4387 rero
1652 4331 1679 4385 io
1702 4332 1796 4387 iisdem
1810 4329 1881 4384 ratas

1107 4422 1310 4486 perduraverint
1333 4423 1513 4491 impudenter,
1535 4432 1563 4478 ct
1587 4423 1684 4479 inritos
1706 4439 1754 4479 eos
1768 4435 1880 4492 percura

261 4493 294 4545 de
315 4492 365 4555 eis,
381 4495 421 4547 rei
447 4494 476 4550 iit
494 4498 667 4568 ambiguitas,
693 4504 774 4561 licere
796 4507 836 4565 eis
850 4513 895 4580 qrri
915 4529 944 4566 se
963 4514 1052 4569 dicent
1068 4493 1165 4568 ¹>dem
1180 4514 1347 4571 defensorem
1362 4517 1469 4584 expelii,
1483 4526 1510 4571 et
1528 4516 1561 4570 ad
1577 4532 1623 4571 sua
1638 4517 1697 4571 loca
1712 4518 1811 4572 sortire.

259 4599 320 4638 esse
336 4585 424 4651 laesos,
439 4588 473 4642 de
488 4588 530 4642 iris
546 4607 654 4648 provere
667 4596 736 4664 apud
752 4601 883 4669 synodum
896 4607 1050 4671 provincias

260 4675 288 4728 Si
302 4691 366 4729 nerto
380 4679 457 4733 alicui
472 4693 600 4737 trarecatnr
613 4701 627 4736 a
639 4701 689 4740 sno
702 4693 883 4758 metropolita,
896 4696 965 4764 apud
977 4699 1050 4765 prin·

259 4765 346 4830 cipetn
376 4768 539 4836 dioecesem,
566 4775 609 4828 rei
633 4778 703 4845 apud
726 4777 1049 4856 Constantinopoliiauam

259 4857 349 4910 sedeur
366 4872 473 4914 causam
493 4865 593 4928 dicere,
609 4867 679 4920 sicut
700 4870 856 4938 praedictum
873 4886 923 4930 est.
943 4877 971 4934 Si
985 4897 1050 4939 vero

259 4956 287 5001 ct
302 4947 387 5020 aliqua
403 4967 437 5007 ex
458 4952 590 5025 imperiali
611 4968 743 5027 potestate
758 4980 825 5020 nova
841 4967 910 5023 iacta
924 4983 965 5025 est
985 4975 1050 5029 ciri·

260 5050 310 5106 tas,
326 5043 370 5098 vei
386 5056 531 5113 renovata;
556 5050 648 5106 civiles
668 5063 695 5107 et
717 5055 864 5124 publicani
880 5060 1008 5120 iormuias
1023 5075 1051 5122 et

258 5135 500 5222 ecclesiasticarum
525 5143 700 5210 parmciarum
727 5149 849 5205 ordinem
873 5151 960 5226 [dege
981 5158 1050 5214 ordo

257 5227 395 5301 sequatur]
411 5245 568 5301 seqttautur.

293 5316 386 5377 iiiiii.
407 5324 604 5394 corporationis
619 5340 646 5385 et
667 5331 789 5390 factionis
812 5339 914 5396 crimen
937 5351 964 5397 et
979 5343 1048 5410 apud

293 5481 412 5540 *Graece
425 5488 597 5557 pronianum,
613 5491 865 5560 udrrrin'strrtreruni,
881 5514 927 5552 sert
951 5500 1045 5571 guber·

252 5563 389 5617 naverunt,
404 5571 455 5608 non
468 5572 533 5610 arro
545 5561 744 5624 edificaverunt.

292 5620 305 5660 ¹²
322 5624 347 5675 td
362 5634 411 5686 est,
429 5627 615 5683 dispositiones.

294 5699 305 5726 ²
321 5692 429 5747 cetere
444 5698 589 5755 torsiones.
602 5702 777 5760 irtcxcusudiii.
790 5704 815 5758 td
830 5718 880 5760 cst.
895 5709 1042 5778 ineostaiitt,

1142 4605 1235 4661 xxiii.
1247 4608 1312 4675 Quae
1323 4609 1406 4664 semel
1421 4619 1578 4664 consecrata
1590 4618 1653 4664 sunt
1665 4609 1879 4665 monasteriorum

1103 4700 1240 4755 rolrurtate
1255 4704 1386 4770 episcopi,
1403 4718 1563 4772 permanere
1577 4704 1604 4757 in
1618 4714 1750 4772 perpetuo
1764 4710 1879 4757 morraste

1102 4796 1152 4857 ria,
1173 4803 1200 4847 et
1216 4795 1381 4862 pertinentes
1397 4795 1430 4851 ad
1455 4811 1485 4849 ea
1501 4810 1545 4850 res
1566 4796 1695 4851 cristodiri
1717 4797 1878 4852 monasterio:

1102 4891 1130 4938 et
1144 4901 1196 4938 nora
1212 4900 1290 4953 posse
1311 4885 1367 4940 deri
1393 4901 1423 4940 ea
1448 4888 1545 4941 secuta
1564 4886 1588 4941 ia
1612 4887 1771 4943 habitacula.
1793 4888 1877 4940 donce

1102 4976 1197 5032 dentes
1212 4991 1277 5032 reru
1291 4979 1342 5033 iroc
1357 4977 1426 5043 lieri,
1444 4978 1585 5048 subjacere
1597 4994 1732 5034 canonum
1746 4982 1833 5050 ponis.

1138 5065 1221 5122 xxv.
1242 5068 1375 5133 Quoniam
1396 5069 1505 5137 paridam
1533 5071 1807 5141 metropolitanorum.
1821 5068 1874 5123 sicut

1101 5161 1262 5229 reperimus,
1278 5161 1416 5231 negligunt
1439 5165 1599 5219 commissos
1617 5165 1668 5221 sibi
1683 5181 1786 5236 gerges,
1798 5160 1872 5219 etdii·

1102 5251 1191 5308 ierunt
1201 5252 1386 5310 ordinationes
1399 5255 1603 5326 episcoporum,
1619 5257 1719 5328 placuit
1733 5268 1824 5314 sancte
1837 5268 1869 5323 sp

1858 272 1914 332 dih

1957 5311 1959 5340 i

1101 5346 1171 5400 nodo
1188 5346 1257 5401 intra
1278 5356 1333 5404 tres
1349 5362 1456 5404 menses
1471 5349 1528 5405 heri
1550 5349 1736 5410 ordinationes
1754 5354 1873 5424 episcopa·
1957 5421 1958 5438 χ

1100 5518 1181 5572 antra
1202 5520 1232 5559 se
1247 5520 1376 5563 excusare
1397 5523 1450 5562 nou
1466 5516 1567 5578 potest.
1590 5504 1713 5564 Concinit
1737 5505 1820 5563 crau
1833 5512 1872 5552 ιω

1101 5577 1289 5650 ἀπαραιτήτου.

1136 5643 1148 5681 d
1161 5649 1261 5718 supple
1273 5663 1304 5702 er
1319 5645 1423 5712 Graeco,
1436 5655 1458 5701 et
1473 5659 1630 5719 susceptum.
