<?xml version="1.0" encoding="UTF-8"?>
<!DOCTYPE html PUBLIC "-//W3C//DTD XHTML 1.0 Transitional//EN"
    "http://www.w3.org/TR/xhtml1/DTD/xhtml1-transitional.dtd">
<html xmlns="http://www.w3.org/1999/xhtml" xml:lang="en" lang="en">
 <head>
  <title>
</title>
<meta http-equiv="Content-Type" content="text/html;charset=utf-8" />
  <meta name='ocr-system' content='tesseract 3.04.00' />
  <meta name='ocr-capabilities' content='ocr_page ocr_carea ocr_par ocr_line ocrx_word'/>
</head>
<body>
  <div class='ocr_page' id='page_1' title='image "./patrologiaecurs181unkngoog/patrologiaecurs181unkngoog_0538.png"; bbox 0 0 4000 6175; ppageno 0'>
   <div class='ocr_carea' id='block_1_1' title="bbox 220 306 1835 388">
    <p class='ocr_par' dir='ltr' id='par_1_1' title="bbox 220 306 1835 388">
     <span class='ocr_line' id='line_1_1' title="bbox 220 306 1835 388; baseline 0.004 -26"><span class='ocrx_word' id='word_1_1' title='bbox 220 311 287 371; x_wconf 75' lang='lat' dir='ltr'><strong>lohi</strong></span> <span class='ocrx_word' id='word_1_2' title='bbox 685 308 729 363; x_wconf 85' lang='lat' dir='ltr'><strong>Ali</strong></span> <span class='ocrx_word' id='word_1_3' title='bbox 747 307 862 365; x_wconf 79' lang='lat' dir='ltr'><strong>oraha</strong></span> <span class='ocrx_word' id='word_1_4' title='bbox 880 307 909 364; x_wconf 87' lang='lat' dir='ltr'><strong>S.</strong></span> <span class='ocrx_word' id='word_1_5' title='bbox 930 306 1052 365; x_wconf 69' lang='lat' dir='ltr'><strong>thorus</strong></span> <span class='ocrx_word' id='word_1_6' title='bbox 1072 308 1376 388; x_wconf 69' lang='lat' dir='ltr'><strong>dinumerandum.</strong></span> <span class='ocrx_word' id='word_1_7' title='bbox 1772 314 1835 375; x_wconf 79' lang='lat' dir='ltr'><strong>totta</strong></span> 
     </span>
    </p>
   </div>
   <div class='ocr_carea' id='block_1_2' title="bbox 158 418 1840 2585">
    <p class='ocr_par' dir='ltr' id='par_1_2' title="bbox 219 418 1840 1886">
     <span class='ocr_line' id='line_1_2' title="bbox 253 418 1837 492; baseline 0.002 -15"><span class='ocrx_word' id='word_1_8' title='bbox 253 424 279 477; x_wconf 61' lang='grc' dir='ltr'>ι.</span> <span class='ocrx_word' id='word_1_9' title='bbox 296 422 333 477; x_wconf 85' lang='lat' dir='ltr'><strong>Ex</strong></span> <span class='ocrx_word' id='word_1_10' title='bbox 350 421 400 476; x_wconf 88' lang='lat' dir='ltr'><strong>ltnc</strong></span> <span class='ocrx_word' id='word_1_11' title='bbox 420 419 512 474; x_wconf 89' lang='lat' dir='ltr'><strong>ultima</strong></span> <span class='ocrx_word' id='word_1_12' title='bbox 525 418 628 473; x_wconf 87' lang='lat' dir='ltr'><strong>ritiono</strong></span> <span class='ocrx_word' id='word_1_13' title='bbox 652 419 783 474; x_wconf 87' lang='lat' dir='ltr'><strong>rriucitur</strong></span> <span class='ocrx_word' id='word_1_14' title='bbox 806 419 916 488; x_wconf 88' lang='lat' dir='ltr'><strong>pariter,</strong></span> <span class='ocrx_word' id='word_1_15' title='bbox 932 418 1005 490; x_wconf 77' lang='lat' dir='ltr'><strong>quis</strong></span> <span class='ocrx_word' id='word_1_16' title='bbox 1018 420 1043 481; x_wconf 84' lang='lat' dir='ltr'><strong>A</strong></span> <span class='ocrx_word' id='word_1_17' title='bbox 1056 418 1144 474; x_wconf 80' lang='lat' dir='ltr'><strong>editus</strong></span> <span class='ocrx_word' id='word_1_18' title='bbox 1157 429 1207 486; x_wconf 86' lang='lat' dir='ltr'><strong>cst,</strong></span> <span class='ocrx_word' id='word_1_19' title='bbox 1224 420 1328 476; x_wconf 90' lang='lat' dir='ltr'><strong>necttlir</strong></span> <span class='ocrx_word' id='word_1_20' title='bbox 1340 429 1463 475; x_wconf 87' lang='lat' dir='ltr'><strong>auctores</strong></span> <span class='ocrx_word' id='word_1_21' title='bbox 1478 421 1621 492; x_wconf 75' lang='lat' dir='ltr'>quidquam</span> <span class='ocrx_word' id='word_1_22' title='bbox 1637 423 1671 478; x_wconf 90' lang='lat' dir='ltr'><strong>de</strong></span> <span class='ocrx_word' id='word_1_23' title='bbox 1685 423 1837 485; x_wconf 83' lang='lat' dir='ltr'><strong>iiliusmtue</strong></span> 
     </span>
     <span class='ocr_line' id='line_1_3' title="bbox 219 489 1836 564; baseline 0.002 -20"><span class='ocrx_word' id='word_1_24' title='bbox 219 492 395 564; x_wconf 82' lang='lat' dir='ltr'><strong>quistandem</strong></span> <span class='ocrx_word' id='word_1_25' title='bbox 420 489 532 559; x_wconf 85' lang='lat' dir='ltr'><strong>symboli</strong></span> <span class='ocrx_word' id='word_1_26' title='bbox 548 490 622 542; x_wconf 88' lang='lat' dir='ltr'><strong>istius</strong></span> <span class='ocrx_word' id='word_1_27' title='bbox 643 498 734 543; x_wconf 86' lang='lat' dir='ltr'><strong>artetur</strong></span> <span class='ocrx_word' id='word_1_28' title='bbox 746 490 834 551; x_wconf 89' lang='lat' dir='ltr'><strong>luerit,</strong></span> <span class='ocrx_word' id='word_1_29' title='bbox 859 503 920 543; x_wconf 91' lang='lat' dir='ltr'><strong>eum</strong></span> <span class='ocrx_word' id='word_1_30' title='bbox 944 498 1004 555; x_wconf 88' lang='lat' dir='ltr'><strong>post</strong></span> <span class='ocrx_word' id='word_1_31' title='bbox 1057 489 1098 544; x_wconf 85' lang='lat' dir='ltr'><strong>tei</strong></span> <span class='ocrx_word' id='word_1_32' title='bbox 1113 490 1208 544; x_wconf 79' lang='lat' dir='ltr'><strong>leniter</strong></span> <span class='ocrx_word' id='word_1_33' title='bbox 1221 492 1365 558; x_wconf 67' lang='lat' dir='ltr'><strong>numqaum</strong></span> <span class='ocrx_word' id='word_1_34' title='bbox 1384 490 1466 561; x_wconf 61' lang='grc'><strong>940</strong></span> <span class='ocrx_word' id='word_1_35' title='bbox 1480 506 1529 547; x_wconf 92' lang='lat' dir='ltr'><strong>nec</strong></span> <span class='ocrx_word' id='word_1_36' title='bbox 1544 495 1632 561; x_wconf 91' lang='lat' dir='ltr'><strong>potior</strong></span> <span class='ocrx_word' id='word_1_37' title='bbox 1648 496 1768 548; x_wconf 76' lang='lat' dir='ltr'><strong>vitientur</strong></span> <span class='ocrx_word' id='word_1_38' title='bbox 1780 513 1836 553; x_wconf 78' lang='lat' dir='ltr'><strong>csso</strong></span> 
     </span>
     <span class='ocr_line' id='line_1_4' title="bbox 219 558 1838 636; baseline 0.001 -20"><span class='ocrx_word' id='word_1_39' title='bbox 219 575 338 617; x_wconf 63' lang='lat' dir='ltr'><strong>retortam</strong></span> <span class='ocrx_word' id='word_1_40' title='bbox 349 562 551 623; x_wconf 72' lang='lat' dir='ltr'>damnatamque</span> <span class='ocrx_word' id='word_1_41' title='bbox 564 574 615 613; x_wconf 90' lang='lat' dir='ltr'><strong>nou</strong></span> <span class='ocrx_word' id='word_1_42' title='bbox 631 558 850 621; x_wconf 84' lang='lat' dir='ltr'><strong>sotumllestorii.</strong></span> <span class='ocrx_word' id='word_1_43' title='bbox 865 558 912 612; x_wconf 86' lang='lat' dir='ltr'><strong>scd</strong></span> <span class='ocrx_word' id='word_1_44' title='bbox 923 559 1004 613; x_wconf 80' lang='lat' dir='ltr'><strong>etium</strong></span> <span class='ocrx_word' id='word_1_45' title='bbox 1055 559 1125 612; x_wconf 89' lang='lat' dir='ltr'><strong>ratio</strong></span> <span class='ocrx_word' id='word_1_46' title='bbox 1145 560 1218 613; x_wconf 90' lang='lat' dir='ltr'><strong>illum</strong></span> <span class='ocrx_word' id='word_1_47' title='bbox 1234 569 1327 614; x_wconf 90' lang='lat' dir='ltr'><strong>sancto</strong></span> <span class='ocrx_word' id='word_1_48' title='bbox 1350 562 1512 628; x_wconf 84' lang='lat' dir='ltr'><strong>Leodegario</strong></span> <span class='ocrx_word' id='word_1_49' title='bbox 1528 563 1640 633; x_wconf 80' lang='lat' dir='ltr'><strong>ejusque</strong></span> <span class='ocrx_word' id='word_1_50' title='bbox 1665 566 1768 636; x_wconf 80' lang='lat' dir='ltr'><strong>syndo</strong></span> <span class='ocrx_word' id='word_1_51' title='bbox 1794 569 1838 621; x_wconf 86' lang='lat' dir='ltr'><strong>tri·</strong></span> 
     </span>
     <span class='ocr_line' id='line_1_5' title="bbox 220 626 1836 706; baseline 0.002 -19"><span class='ocrx_word' id='word_1_52' title='bbox 220 631 347 702; x_wconf 76' lang='lat' dir='ltr'><strong>llutychis</strong></span> <span class='ocrx_word' id='word_1_53' title='bbox 369 632 491 683; x_wconf 82' lang='lat' dir='ltr'><strong>ltaercsim</strong></span> <span class='ocrx_word' id='word_1_54' title='bbox 511 627 647 692; x_wconf 65' lang='lat' dir='ltr'><strong>floruisse</strong></span> <span class='ocrx_word' id='word_1_55' title='bbox 663 630 744 683; x_wconf 91' lang='lat' dir='ltr'><strong>immo</strong></span> <span class='ocrx_word' id='word_1_56' title='bbox 759 638 818 694; x_wconf 89' lang='lat' dir='ltr'><strong>post</strong></span> <span class='ocrx_word' id='word_1_57' title='bbox 834 627 930 682; x_wconf 85' lang='lat' dir='ltr'><strong>Leonis</strong></span> <span class='ocrx_word' id='word_1_58' title='bbox 951 626 1005 681; x_wconf 86' lang='lat' dir='ltr'><strong>lla·</strong></span> <span class='ocrx_word' id='word_1_59' title='bbox 1056 628 1163 695; x_wconf 91' lang='lat' dir='ltr'><strong>huendi,</strong></span> <span class='ocrx_word' id='word_1_60' title='bbox 1180 643 1259 698; x_wconf 87' lang='lat' dir='ltr'><strong>quam</strong></span> <span class='ocrx_word' id='word_1_61' title='bbox 1274 629 1503 692; x_wconf 88' lang='lat' dir='ltr'><strong>posterioriaiicul</strong></span> <span class='ocrx_word' id='word_1_62' title='bbox 1526 633 1761 701; x_wconf 78' lang='lat' dir='ltr'><strong>Attgustodnnensi</strong></span> <span class='ocrx_word' id='word_1_63' title='bbox 1783 639 1836 706; x_wconf 90' lang='lat' dir='ltr'><strong>epi-</strong></span> 
     </span>
     <span class='ocr_line' id='line_1_6' title="bbox 219 698 1836 770; baseline 0.002 -13"><span class='ocrx_word' id='word_1_64' title='bbox 219 706 264 770; x_wconf 83' lang='lat' dir='ltr'><strong>goi</strong></span> <span class='ocrx_word' id='word_1_65' title='bbox 279 710 411 768; x_wconf 82' lang='lat' dir='ltr'><strong>tempora.</strong></span> <span class='ocrx_word' id='word_1_66' title='bbox 430 699 509 751; x_wconf 85' lang='lat' dir='ltr'><strong>heron</strong></span> <span class='ocrx_word' id='word_1_67' title='bbox 528 701 599 752; x_wconf 87' lang='lat' dir='ltr'><strong>enirn</strong></span> <span class='ocrx_word' id='word_1_68' title='bbox 618 713 666 762; x_wconf 77' lang='lat' dir='ltr'><strong>pror</strong></span> <span class='ocrx_word' id='word_1_69' title='bbox 676 698 867 766; x_wconf 88' lang='lat' dir='ltr'><strong>indiligentiam</strong></span> <span class='ocrx_word' id='word_1_70' title='bbox 889 698 1005 752; x_wconf 91' lang='lat' dir='ltr'><strong>nonnul·</strong></span> <span class='ocrx_word' id='word_1_71' title='bbox 1054 711 1136 766; x_wconf 88' lang='lat' dir='ltr'><strong>scopo</strong></span> <span class='ocrx_word' id='word_1_72' title='bbox 1151 701 1191 752; x_wconf 85' lang='lat' dir='ltr'><strong>tel</strong></span> <span class='ocrx_word' id='word_1_73' title='bbox 1205 699 1329 754; x_wconf 88' lang='lat' dir='ltr'><strong>coneilio.</strong></span> <span class='ocrx_word' id='word_1_74' title='bbox 1345 699 1443 755; x_wconf 88' lang='lat' dir='ltr'><strong>Eorum</strong></span> <span class='ocrx_word' id='word_1_75' title='bbox 1463 710 1551 755; x_wconf 89' lang='lat' dir='ltr'><strong>tamen</strong></span> <span class='ocrx_word' id='word_1_76' title='bbox 1571 704 1712 758; x_wconf 79' lang='lat' dir='ltr'><strong>sententie</strong></span> <span class='ocrx_word' id='word_1_77' title='bbox 1728 706 1836 761; x_wconf 85' lang='lat' dir='ltr'><strong>liheoter</strong></span> 
     </span>
     <span class='ocr_line' id='line_1_7' title="bbox 221 766 1828 842; baseline 0.001 -16"><span class='ocrx_word' id='word_1_78' title='bbox 221 776 272 826; x_wconf 86' lang='lat' dir='ltr'><strong>lam</strong></span> <span class='ocrx_word' id='word_1_79' title='bbox 288 767 508 823; x_wconf 88' lang='lat' dir='ltr'><strong>omissumiuissc</strong></span> <span class='ocrx_word' id='word_1_80' title='bbox 523 768 732 821; x_wconf 87' lang='lat' dir='ltr'><strong>Atitanasiunum</strong></span> <span class='ocrx_word' id='word_1_81' title='bbox 748 770 798 821; x_wconf 91' lang='lat' dir='ltr'><strong>hoc</strong></span> <span class='ocrx_word' id='word_1_82' title='bbox 811 767 1003 837; x_wconf 89' lang='lat' dir='ltr'><strong>symholum&#39;in</strong></span> <span class='ocrx_word' id='word_1_83' title='bbox 1055 766 1218 831; x_wconf 84' lang='lat' dir='ltr'><strong>accedimus,</strong></span> <span class='ocrx_word' id='word_1_84' title='bbox 1240 767 1326 823; x_wconf 91' lang='lat' dir='ltr'><strong>donec</strong></span> <span class='ocrx_word' id='word_1_85' title='bbox 1349 769 1416 825; x_wconf 89' lang='lat' dir='ltr'><strong>lueis</strong></span> <span class='ocrx_word' id='word_1_86' title='bbox 1439 772 1554 837; x_wconf 88' lang='lat' dir='ltr'><strong>amplius</strong></span> <span class='ocrx_word' id='word_1_87' title='bbox 1576 772 1676 841; x_wconf 89' lang='lat' dir='ltr'><strong>aliquid</strong></span> <span class='ocrx_word' id='word_1_88' title='bbox 1703 775 1828 842; x_wconf 74' lang='lat' dir='ltr'><strong>adalgi-at</strong></span> 
     </span>
     <span class='ocr_line' id='line_1_8' title="bbox 220 836 1838 907; baseline 0 -10"><span class='ocrx_word' id='word_1_89' title='bbox 220 841 332 897; x_wconf 87' lang='lat' dir='ltr'><strong>cottciiio</strong></span> <span class='ocrx_word' id='word_1_90' title='bbox 345 838 479 905; x_wconf 89' lang='lat' dir='ltr'><strong>Ephesioo</strong></span> <span class='ocrx_word' id='word_1_91' title='bbox 492 846 519 890; x_wconf 90' lang='lat' dir='ltr'><strong>ct</strong></span> <span class='ocrx_word' id='word_1_92' title='bbox 533 837 760 900; x_wconf 78' lang='lat' dir='ltr'><strong>Citalcedoneosi3</strong></span> <span class='ocrx_word' id='word_1_93' title='bbox 776 850 849 891; x_wconf 84' lang='lat' dir='ltr'><strong>certe</strong></span> <span class='ocrx_word' id='word_1_94' title='bbox 868 852 1003 906; x_wconf 89' lang='lat' dir='ltr'><strong>nunquam</strong></span> <span class='ocrx_word' id='word_1_95' title='bbox 1057 836 1141 905; x_wconf 82' lang='lat' dir='ltr'><strong>liujus</strong></span> <span class='ocrx_word' id='word_1_96' title='bbox 1155 852 1220 904; x_wconf 82' lang='lat' dir='ltr'><strong>ergo</strong></span> <span class='ocrx_word' id='word_1_97' title='bbox 1234 838 1360 902; x_wconf 85' lang='lat' dir='ltr'><strong>attctoris,</strong></span> <span class='ocrx_word' id='word_1_98' title='bbox 1374 855 1452 907; x_wconf 89' lang='lat' dir='ltr'><strong>quem</strong></span> <span class='ocrx_word' id='word_1_99' title='bbox 1467 840 1637 907; x_wconf 85' lang='lat' dir='ltr'><strong>inquirimus,</strong></span> <span class='ocrx_word' id='word_1_100' title='bbox 1651 851 1756 896; x_wconf 82' lang='lat' dir='ltr'><strong>aetatem</strong></span> <span class='ocrx_word' id='word_1_101' title='bbox 1773 849 1838 900; x_wconf 84' lang='lat' dir='ltr'><strong>intra</strong></span> 
     </span>
     <span class='ocr_line' id='line_1_9' title="bbox 221 905 1838 983; baseline 0.004 -20"><span class='ocrx_word' id='word_1_102' title='bbox 221 911 395 979; x_wconf 86' lang='lat' dir='ltr'><strong>posteriorem</strong></span> <span class='ocrx_word' id='word_1_103' title='bbox 417 907 501 962; x_wconf 87' lang='lat' dir='ltr'><strong>sancti</strong></span> <span class='ocrx_word' id='word_1_104' title='bbox 517 908 614 961; x_wconf 78' lang='lat' dir='ltr'>Leonis</span> <span class='ocrx_word' id='word_1_105' title='bbox 636 908 802 976; x_wconf 73' lang='lat' dir='ltr'><strong>diligentiam</strong></span> <span class='ocrx_word' id='word_1_106' title='bbox 818 905 937 974; x_wconf 72' lang='lat' dir='ltr'><strong>fugisset,</strong></span> <span class='ocrx_word' id='word_1_107' title='bbox 958 906 1004 976; x_wconf 94' lang='lat' dir='ltr'><strong>qtti</strong></span> <span class='ocrx_word' id='word_1_108' title='bbox 1054 920 1153 961; x_wconf 89' lang='lat' dir='ltr'><strong>aunum</strong></span> <span class='ocrx_word' id='word_1_109' title='bbox 1166 907 1274 962; x_wconf 76' lang='lat' dir='ltr'><strong>circiter</strong></span> <span class='ocrx_word' id='word_1_110' title='bbox 1285 909 1338 964; x_wconf 84' lang='lat' dir='ltr'><strong>tto</strong></span> <span class='ocrx_word' id='word_1_111' title='bbox 1350 918 1377 962; x_wconf 87' lang='lat' dir='ltr'><strong>et</strong></span> <span class='ocrx_word' id='word_1_112' title='bbox 1387 908 1439 964; x_wconf 80' lang='lat' dir='ltr'><strong>otti</strong></span> <span class='ocrx_word' id='word_1_113' title='bbox 1453 910 1621 966; x_wconf 75' lang='lat' dir='ltr'><strong>statuendam</strong></span> <span class='ocrx_word' id='word_1_114' title='bbox 1633 926 1693 967; x_wconf 86' lang='lat' dir='ltr'><strong>estc</strong></span> <span class='ocrx_word' id='word_1_115' title='bbox 1708 922 1838 983; x_wconf 76' lang='lat' dir='ltr'><strong>putamus,</strong></span> 
     </span>
     <span class='ocr_line' id='line_1_10' title="bbox 220 975 1523 1048; baseline 0.001 -15"><span class='ocrx_word' id='word_1_116' title='bbox 220 997 290 1045; x_wconf 81' lang='lat' dir='ltr'><strong>sape</strong></span> <span class='ocrx_word' id='word_1_117' title='bbox 316 979 414 1046; x_wconf 74' lang='lat' dir='ltr'><strong>saepius</strong></span> <span class='ocrx_word' id='word_1_118' title='bbox 438 985 497 1046; x_wconf 90' lang='lat' dir='ltr'><strong>post</strong></span> <span class='ocrx_word' id='word_1_119' title='bbox 522 989 643 1045; x_wconf 85' lang='lat' dir='ltr'><strong>quartam</strong></span> <span class='ocrx_word' id='word_1_120' title='bbox 668 977 798 1047; x_wconf 80' lang='lat' dir='ltr'>synodum</span> <span class='ocrx_word' id='word_1_121' title='bbox 825 976 946 1030; x_wconf 87' lang='lat' dir='ltr'><strong>scribens</strong></span> <span class='ocrx_word' id='word_1_122' title='bbox 970 975 1004 1030; x_wconf 91' lang='lat' dir='ltr'><strong>ad</strong></span> <span class='ocrx_word' id='word_1_123' title='bbox 1055 977 1263 1031; x_wconf 86' lang='lat' dir='ltr'><strong>reietinmiutra</strong></span> <span class='ocrx_word' id='word_1_124' title='bbox 1278 978 1523 1048; x_wconf 79' lang='lat' dir='ltr'><strong>hreniusspatium.</strong></span> 
     </span>
     <span class='ocr_line' id='line_1_11' title="bbox 220 1045 1838 1120; baseline 0.002 -15"><span class='ocrx_word' id='word_1_125' title='bbox 220 1050 369 1105; x_wconf 74' lang='lat' dir='ltr'>orientales</span> <span class='ocrx_word' id='word_1_126' title='bbox 384 1048 535 1117; x_wconf 87' lang='lat' dir='ltr'><strong>episcopos,</strong></span> <span class='ocrx_word' id='word_1_127' title='bbox 554 1058 582 1102; x_wconf 90' lang='lat' dir='ltr'><strong>ct</strong></span> <span class='ocrx_word' id='word_1_128' title='bbox 599 1047 732 1116; x_wconf 74' lang='lat' dir='ltr'>propriam</span> <span class='ocrx_word' id='word_1_129' title='bbox 761 1046 937 1100; x_wconf 72' lang='lat' dir='ltr'><strong>Orientalium</strong></span> <span class='ocrx_word' id='word_1_130' title='bbox 954 1045 1006 1100; x_wconf 81' lang='lat' dir='ltr'><strong>Ec·</strong></span> <span class='ocrx_word' id='word_1_131' title='bbox 1090 1047 1116 1101; x_wconf 88' lang='lat' dir='ltr'><strong>li.</strong></span> <span class='ocrx_word' id='word_1_132' title='bbox 1132 1047 1239 1103; x_wconf 88' lang='lat' dir='ltr'><strong>Certum</strong></span> <span class='ocrx_word' id='word_1_133' title='bbox 1255 1047 1359 1102; x_wconf 89' lang='lat' dir='ltr'><strong>videtur</strong></span> <span class='ocrx_word' id='word_1_134' title='bbox 1374 1062 1544 1117; x_wconf 83' lang='lat' dir='ltr'><strong>ueqttecasu,</strong></span> <span class='ocrx_word' id='word_1_135' title='bbox 1562 1065 1649 1120; x_wconf 90' lang='lat' dir='ltr'><strong>neque</strong></span> <span class='ocrx_word' id='word_1_136' title='bbox 1671 1051 1838 1109; x_wconf 85' lang='lat' dir='ltr'><strong>librariorum</strong></span> 
     </span>
     <span class='ocr_line' id='line_1_12' title="bbox 221 1114 1837 1189; baseline 0.001 -14"><span class='ocrx_word' id='word_1_137' title='bbox 221 1122 360 1175; x_wconf 83' lang='lat' dir='ltr'><strong>elesiarum</strong></span> <span class='ocrx_word' id='word_1_138' title='bbox 386 1116 554 1171; x_wconf 65' lang='lat' dir='ltr'><strong>traditionem</strong></span> <span class='ocrx_word' id='word_1_139' title='bbox 576 1117 723 1184; x_wconf 76' lang='lat' dir='ltr'><strong>annulinus,</strong></span> <span class='ocrx_word' id='word_1_140' title='bbox 754 1131 888 1181; x_wconf 87' lang='lat' dir='ltr'><strong>nttnquaut</strong></span> <span class='ocrx_word' id='word_1_141' title='bbox 915 1123 1003 1170; x_wconf 87' lang='lat' dir='ltr'><strong>tamen</strong></span> <span class='ocrx_word' id='word_1_142' title='bbox 1054 1114 1279 1176; x_wconf 86' lang='lat' dir='ltr'><strong>incuria,oomen</strong></span> <span class='ocrx_word' id='word_1_143' title='bbox 1310 1117 1447 1172; x_wconf 88' lang='lat' dir='ltr'><strong>Athanasii</strong></span> <span class='ocrx_word' id='word_1_144' title='bbox 1463 1120 1489 1173; x_wconf 90' lang='lat' dir='ltr'><strong>itt</strong></span> <span class='ocrx_word' id='word_1_145' title='bbox 1517 1118 1596 1187; x_wconf 75' lang='lat' dir='ltr'><strong>huius</strong></span> <span class='ocrx_word' id='word_1_146' title='bbox 1620 1121 1712 1189; x_wconf 86' lang='lat' dir='ltr'><strong>scripti</strong></span> <span class='ocrx_word' id='word_1_147' title='bbox 1733 1123 1837 1179; x_wconf 88' lang='lat' dir='ltr'><strong>titulum</strong></span> 
     </span>
     <span class='ocr_line' id='line_1_13' title="bbox 221 1184 1839 1261; baseline -0.001 -16"><span class='ocrx_word' id='word_1_148' title='bbox 221 1190 356 1245; x_wconf 79' lang='lat' dir='ltr'><strong>Athanasii</strong></span> <span class='ocrx_word' id='word_1_149' title='bbox 382 1187 532 1258; x_wconf 87' lang='lat' dir='ltr'><strong>symbolum</strong></span> <span class='ocrx_word' id='word_1_150' title='bbox 556 1194 757 1249; x_wconf 87' lang='lat' dir='ltr'><strong>commemorat,</strong></span> <span class='ocrx_word' id='word_1_151' title='bbox 783 1185 809 1239; x_wconf 93' lang='lat' dir='ltr'><strong>in</strong></span> <span class='ocrx_word' id='word_1_152' title='bbox 825 1198 877 1254; x_wconf 90' lang='lat' dir='ltr'><strong>quo</strong></span> <span class='ocrx_word' id='word_1_153' title='bbox 890 1192 943 1237; x_wconf 74' lang='lat' dir='ltr'><strong>taut</strong></span> <span class='ocrx_word' id='word_1_154' title='bbox 958 1201 1006 1239; x_wconf 82' lang='lat' dir='ltr'><strong>ex·</strong></span> <span class='ocrx_word' id='word_1_155' title='bbox 1055 1184 1215 1253; x_wconf 86' lang='lat' dir='ltr'><strong>irrepsisse;</strong></span> <span class='ocrx_word' id='word_1_156' title='bbox 1234 1186 1281 1241; x_wconf 87' lang='lat' dir='ltr'><strong>scd</strong></span> <span class='ocrx_word' id='word_1_157' title='bbox 1295 1188 1383 1256; x_wconf 88' lang='lat' dir='ltr'><strong>potius</strong></span> <span class='ocrx_word' id='word_1_158' title='bbox 1398 1202 1430 1242; x_wconf 84' lang='lat' dir='ltr'><strong>et</strong></span> <span class='ocrx_word' id='word_1_159' title='bbox 1450 1196 1526 1243; x_wconf 91' lang='lat' dir='ltr'><strong>certo</strong></span> <span class='ocrx_word' id='word_1_160' title='bbox 1540 1190 1653 1245; x_wconf 89' lang='lat' dir='ltr'><strong>consilio</strong></span> <span class='ocrx_word' id='word_1_161' title='bbox 1668 1192 1706 1261; x_wconf 83' lang='lat' dir='ltr'><strong>(h)</strong></span> <span class='ocrx_word' id='word_1_162' title='bbox 1729 1194 1764 1245; x_wconf 90' lang='lat' dir='ltr'><strong>alt</strong></span> <span class='ocrx_word' id='word_1_163' title='bbox 1783 1195 1839 1260; x_wconf 79' lang='lat' dir='ltr'><strong>ipso</strong></span> 
     </span>
     <span class='ocr_line' id='line_1_14' title="bbox 222 1253 1840 1330; baseline 0.001 -15"><span class='ocrx_word' id='word_1_164' title='bbox 222 1274 323 1329; x_wconf 80' lang='lat' dir='ltr'><strong>presse,</strong></span> <span class='ocrx_word' id='word_1_165' title='bbox 336 1269 389 1313; x_wconf 89' lang='lat' dir='ltr'><strong>taur</strong></span> <span class='ocrx_word' id='word_1_166' title='bbox 404 1257 530 1311; x_wconf 89' lang='lat' dir='ltr'><strong>distincte</strong></span> <span class='ocrx_word' id='word_1_167' title='bbox 539 1267 651 1323; x_wconf 86' lang='lat' dir='ltr'><strong>utraqne</strong></span> <span class='ocrx_word' id='word_1_168' title='bbox 662 1256 706 1311; x_wconf 82' lang='lat' dir='ltr'><strong>illa</strong></span> <span class='ocrx_word' id='word_1_169' title='bbox 720 1254 831 1309; x_wconf 76' lang='lat' dir='ltr'><strong>haeresis</strong></span> <span class='ocrx_word' id='word_1_170' title='bbox 843 1253 1004 1309; x_wconf 80' lang='lat' dir='ltr'><strong>confoditur.</strong></span> <span class='ocrx_word' id='word_1_171' title='bbox 1054 1263 1162 1310; x_wconf 88' lang='lat' dir='ltr'><strong>auctore</strong></span> <span class='ocrx_word' id='word_1_172' title='bbox 1178 1255 1260 1311; x_wconf 87' lang='lat' dir='ltr'><strong>luisse</strong></span> <span class='ocrx_word' id='word_1_173' title='bbox 1269 1264 1365 1311; x_wconf 89' lang='lat' dir='ltr'><strong>sancto</strong></span> <span class='ocrx_word' id='word_1_174' title='bbox 1376 1257 1521 1313; x_wconf 79' lang='lat' dir='ltr'><strong>Athanasio</strong></span> <span class='ocrx_word' id='word_1_175' title='bbox 1531 1260 1676 1330; x_wconf 87' lang='lat' dir='ltr'><strong>ascriptum</strong></span> <span class='ocrx_word' id='word_1_176' title='bbox 1689 1279 1696 1313; x_wconf 93' lang='lat'>:</span> <span class='ocrx_word' id='word_1_177' title='bbox 1711 1271 1840 1330; x_wconf 77' lang='lat' dir='ltr'><strong>quotquot</strong></span> 
     </span>
     <span class='ocr_line' id='line_1_15' title="bbox 221 1324 1839 1397; baseline -0.001 -11"><span class='ocrx_word' id='word_1_178' title='bbox 221 1331 274 1386; x_wconf 85' lang='lat' dir='ltr'><strong>Sed</strong></span> <span class='ocrx_word' id='word_1_179' title='bbox 294 1343 379 1397; x_wconf 90' lang='lat' dir='ltr'><strong>neque</strong></span> <span class='ocrx_word' id='word_1_180' title='bbox 392 1329 461 1381; x_wconf 84' lang='lat' dir='ltr'><strong>antro</strong></span> <span class='ocrx_word' id='word_1_181' title='bbox 471 1325 570 1380; x_wconf 79' lang='lat' dir='ltr'><strong>Christi</strong></span> <span class='ocrx_word' id='word_1_182' title='bbox 582 1327 635 1380; x_wconf 73' lang='grc'><strong>458</strong></span> <span class='ocrx_word' id='word_1_183' title='bbox 655 1335 747 1378; x_wconf 90' lang='lat' dir='ltr'><strong>notum</strong></span> <span class='ocrx_word' id='word_1_184' title='bbox 762 1333 829 1390; x_wconf 89' lang='lat' dir='ltr'><strong>erut,</strong></span> <span class='ocrx_word' id='word_1_185' title='bbox 847 1338 906 1377; x_wconf 89' lang='lat' dir='ltr'><strong>cum</strong></span> <span class='ocrx_word' id='word_1_186' title='bbox 930 1325 1003 1378; x_wconf 88' lang='lat' dir='ltr'><strong>iilntu</strong></span> <span class='ocrx_word' id='word_1_187' title='bbox 1054 1326 1125 1378; x_wconf 91' lang='lat' dir='ltr'><strong>ettim</strong></span> <span class='ocrx_word' id='word_1_188' title='bbox 1140 1324 1212 1379; x_wconf 84' lang='lat' dir='ltr'><strong>illius</strong></span> <span class='ocrx_word' id='word_1_189' title='bbox 1219 1326 1381 1395; x_wconf 77' lang='lat' dir='ltr'><strong>exemplaria</strong></span> <span class='ocrx_word' id='word_1_190' title='bbox 1391 1342 1437 1382; x_wconf 89' lang='lat' dir='ltr'><strong>seu</strong></span> <span class='ocrx_word' id='word_1_191' title='bbox 1450 1342 1530 1382; x_wconf 91' lang='lat' dir='ltr'><strong>mauu</strong></span> <span class='ocrx_word' id='word_1_192' title='bbox 1541 1338 1659 1394; x_wconf 78' lang='lat' dir='ltr'><strong>exarata,</strong></span> <span class='ocrx_word' id='word_1_193' title='bbox 1670 1346 1718 1384; x_wconf 88' lang='lat' dir='ltr'><strong>seu</strong></span> <span class='ocrx_word' id='word_1_194' title='bbox 1731 1345 1839 1392; x_wconf 78' lang='lat' dir='ltr'><strong>excusa,</strong></span> 
     </span>
     <span class='ocr_line' id='line_1_16' title="bbox 223 1392 1837 1465; baseline 0.002 -10"><span class='ocrx_word' id='word_1_195' title='bbox 223 1399 432 1457; x_wconf 84' lang='lat' dir='ltr'><strong>testimoniorum</strong></span> <span class='ocrx_word' id='word_1_196' title='bbox 446 1397 596 1462; x_wconf 79' lang='lat' dir='ltr'><strong>congeriem</strong></span> <span class='ocrx_word' id='word_1_197' title='bbox 611 1395 643 1448; x_wconf 89' lang='lat' dir='ltr'><strong>ad</strong></span> <span class='ocrx_word' id='word_1_198' title='bbox 656 1395 772 1448; x_wconf 85' lang='lat' dir='ltr'><strong>Leonem</strong></span> <span class='ocrx_word' id='word_1_199' title='bbox 786 1397 932 1461; x_wconf 89' lang='lat' dir='ltr'><strong>Augustum</strong></span> <span class='ocrx_word' id='word_1_200' title='bbox 942 1398 1005 1446; x_wconf 88' lang='lat' dir='ltr'><strong>mit·</strong></span> <span class='ocrx_word' id='word_1_201' title='bbox 1056 1392 1250 1449; x_wconf 80' lang='lat' dir='ltr'><strong>hacttnusvisa</strong></span> <span class='ocrx_word' id='word_1_202' title='bbox 1265 1403 1337 1463; x_wconf 88' lang='lat' dir='ltr'><strong>sunt,</strong></span> <span class='ocrx_word' id='word_1_203' title='bbox 1350 1410 1406 1465; x_wconf 80' lang='lat' dir='ltr'><strong>prro</strong></span> <span class='ocrx_word' id='word_1_204' title='bbox 1417 1410 1446 1451; x_wconf 90' lang='lat' dir='ltr'><strong>se</strong></span> <span class='ocrx_word' id='word_1_205' title='bbox 1457 1395 1546 1451; x_wconf 89' lang='lat' dir='ltr'><strong>lerunt</strong></span> <span class='ocrx_word' id='word_1_206' title='bbox 1571 1399 1710 1454; x_wconf 88' lang='lat' dir='ltr'><strong>Athanasii</strong></span> <span class='ocrx_word' id='word_1_207' title='bbox 1731 1415 1837 1458; x_wconf 87' lang='lat' dir='ltr'><strong>nomen.</strong></span> 
     </span>
     <span class='ocr_line' id='line_1_17' title="bbox 223 1462 1837 1537; baseline -0.002 -11"><span class='ocrx_word' id='word_1_208' title='bbox 223 1479 302 1532; x_wconf 90' lang='lat' dir='ltr'><strong>teret,</strong></span> <span class='ocrx_word' id='word_1_209' title='bbox 318 1483 375 1536; x_wconf 84' lang='lat' dir='ltr'><strong>qum</strong></span> <span class='ocrx_word' id='word_1_210' title='bbox 391 1475 450 1533; x_wconf 91' lang='lat' dir='ltr'><strong>post</strong></span> <span class='ocrx_word' id='word_1_211' title='bbox 462 1466 551 1519; x_wconf 92' lang='lat' dir='ltr'><strong>denuo</strong></span> <span class='ocrx_word' id='word_1_212' title='bbox 564 1478 675 1517; x_wconf 74' lang='lat' dir='ltr'><strong>excussa</strong></span> <span class='ocrx_word' id='word_1_213' title='bbox 690 1463 842 1530; x_wconf 86' lang='lat' dir='ltr'><strong>apostolicae</strong></span> <span class='ocrx_word' id='word_1_214' title='bbox 855 1462 926 1517; x_wconf 90' lang='lat' dir='ltr'><strong>sedis</strong></span> <span class='ocrx_word' id='word_1_215' title='bbox 939 1465 1006 1516; x_wconf 90' lang='lat' dir='ltr'><strong>scri·</strong></span> <span class='ocrx_word' id='word_1_216' title='bbox 1091 1462 1161 1517; x_wconf 80' lang='lat' dir='ltr'><strong>xlv.</strong></span> <span class='ocrx_word' id='word_1_217' title='bbox 1179 1463 1240 1517; x_wconf 86' lang='lat' dir='ltr'><strong>Non</strong></span> <span class='ocrx_word' id='word_1_218' title='bbox 1260 1473 1298 1518; x_wconf 88' lang='lat' dir='ltr'><strong>cst</strong></span> <span class='ocrx_word' id='word_1_219' title='bbox 1313 1466 1457 1537; x_wconf 85' lang='lat' dir='ltr'><strong>impostoris</strong></span> <span class='ocrx_word' id='word_1_220' title='bbox 1478 1466 1611 1532; x_wconf 79' lang='lat' dir='ltr'><strong>scriptum.</strong></span> <span class='ocrx_word' id='word_1_221' title='bbox 1626 1498 1659 1510; x_wconf 85' lang='lat'><strong>·-</strong></span> <span class='ocrx_word' id='word_1_222' title='bbox 1676 1470 1704 1522; x_wconf 84' lang='grc'><strong>7.</strong></span> <span class='ocrx_word' id='word_1_223' title='bbox 1725 1468 1837 1525; x_wconf 81' lang='lat' dir='ltr'><strong>Tantum</strong></span> 
     </span>
     <span class='ocr_line' id='line_1_18' title="bbox 221 1532 1839 1606; baseline 0.001 -12"><span class='ocrx_word' id='word_1_224' title='bbox 221 1542 264 1594; x_wconf 86' lang='lat' dir='ltr'><strong>nia</strong></span> <span class='ocrx_word' id='word_1_225' title='bbox 280 1538 381 1591; x_wconf 86' lang='lat' dir='ltr'><strong>auctior</strong></span> <span class='ocrx_word' id='word_1_226' title='bbox 396 1535 494 1604; x_wconf 91' lang='lat' dir='ltr'><strong>prodiit</strong></span> <span class='ocrx_word' id='word_1_227' title='bbox 504 1535 597 1598; x_wconf 88' lang='lat' dir='ltr'><strong>altera,</strong></span> <span class='ocrx_word' id='word_1_228' title='bbox 609 1548 687 1600; x_wconf 89' lang='lat' dir='ltr'><strong>qnam</strong></span> <span class='ocrx_word' id='word_1_229' title='bbox 700 1534 733 1586; x_wconf 88' lang='lat' dir='ltr'><strong>ad</strong></span> <span class='ocrx_word' id='word_1_230' title='bbox 753 1534 882 1603; x_wconf 79' lang='lat' dir='ltr'><strong>synodum</strong></span> <span class='ocrx_word' id='word_1_231' title='bbox 896 1532 1007 1587; x_wconf 79' lang='lat' dir='ltr'><strong>Gitaice·</strong></span> <span class='ocrx_word' id='word_1_232' title='bbox 1055 1532 1131 1587; x_wconf 89' lang='lat' dir='ltr'><strong>ahest</strong></span> <span class='ocrx_word' id='word_1_233' title='bbox 1143 1541 1171 1587; x_wconf 91' lang='lat' dir='ltr'><strong>ut</strong></span> <span class='ocrx_word' id='word_1_234' title='bbox 1186 1533 1339 1603; x_wconf 73' lang='lat' dir='ltr'><strong>impostura</strong></span> <span class='ocrx_word' id='word_1_235' title='bbox 1350 1535 1500 1604; x_wconf 87' lang='lat' dir='ltr'><strong>arguendus</strong></span> <span class='ocrx_word' id='word_1_236' title='bbox 1509 1538 1544 1591; x_wconf 90' lang='lat' dir='ltr'><strong>sit</strong></span> <span class='ocrx_word' id='word_1_237' title='bbox 1556 1537 1675 1606; x_wconf 86' lang='lat' dir='ltr'><strong>qttisquis</strong></span> <span class='ocrx_word' id='word_1_238' title='bbox 1686 1539 1767 1592; x_wconf 87' lang='lat' dir='ltr'><strong>talem</strong></span> <span class='ocrx_word' id='word_1_239' title='bbox 1779 1541 1839 1596; x_wconf 88' lang='lat' dir='ltr'><strong>hdci</strong></span> 
     </span>
     <span class='ocr_line' id='line_1_19' title="bbox 221 1602 1838 1678; baseline -0.001 -14"><span class='ocrx_word' id='word_1_240' title='bbox 221 1612 368 1664; x_wconf 88' lang='lat' dir='ltr'><strong>dunensem</strong></span> <span class='ocrx_word' id='word_1_241' title='bbox 381 1606 479 1659; x_wconf 89' lang='lat' dir='ltr'><strong>tludurn</strong></span> <span class='ocrx_word' id='word_1_242' title='bbox 497 1603 640 1657; x_wconf 83' lang='lat' dir='ltr'><strong>direxerat.</strong></span> <span class='ocrx_word' id='word_1_243' title='bbox 660 1603 729 1667; x_wconf 82' lang='lat' dir='ltr'><strong>Quin</strong></span> <span class='ocrx_word' id='word_1_244' title='bbox 741 1611 769 1655; x_wconf 90' lang='lat' dir='ltr'><strong>et</strong></span> <span class='ocrx_word' id='word_1_245' title='bbox 790 1616 883 1656; x_wconf 90' lang='lat' dir='ltr'><strong>eorum</strong></span> <span class='ocrx_word' id='word_1_246' title='bbox 899 1603 1006 1671; x_wconf 90' lang='lat' dir='ltr'><strong>pontill-</strong></span> <span class='ocrx_word' id='word_1_247' title='bbox 1057 1602 1250 1671; x_wconf 75' lang='lat' dir='ltr'><strong>professionem</strong></span> <span class='ocrx_word' id='word_1_248' title='bbox 1265 1603 1315 1658; x_wconf 90' lang='lat' dir='ltr'><strong>suh</strong></span> <span class='ocrx_word' id='word_1_249' title='bbox 1328 1604 1416 1659; x_wconf 84' lang='lat' dir='ltr'><strong>aiicuo</strong></span> <span class='ocrx_word' id='word_1_250' title='bbox 1431 1606 1509 1660; x_wconf 85' lang='lat' dir='ltr'><strong>nohis</strong></span> <span class='ocrx_word' id='word_1_251' title='bbox 1521 1608 1628 1662; x_wconf 91' lang='lat' dir='ltr'><strong>nomine</strong></span> <span class='ocrx_word' id='word_1_252' title='bbox 1642 1608 1765 1674; x_wconf 78' lang='lat' dir='ltr'><strong>ingessit.</strong></span> <span class='ocrx_word' id='word_1_253' title='bbox 1776 1614 1838 1678; x_wconf 90' lang='lat' dir='ltr'><strong>quin</strong></span> 
     </span>
     <span class='ocr_line' id='line_1_20' title="bbox 222 1671 1838 1746; baseline -0.001 -12"><span class='ocrx_word' id='word_1_254' title='bbox 222 1695 281 1735; x_wconf 90' lang='lat' dir='ltr'><strong>cum</strong></span> <span class='ocrx_word' id='word_1_255' title='bbox 298 1677 342 1746; x_wconf 83' lang='lat' dir='ltr'><strong>qni</strong></span> <span class='ocrx_word' id='word_1_256' title='bbox 364 1675 491 1729; x_wconf 78' lang='lat' dir='ltr'><strong>adsersus</strong></span> <span class='ocrx_word' id='word_1_257' title='bbox 507 1673 655 1742; x_wconf 88' lang='lat' dir='ltr'><strong>Aceplraius</strong></span> <span class='ocrx_word' id='word_1_258' title='bbox 676 1671 906 1742; x_wconf 75' lang='lat' dir='ltr'><strong>Eutychianosque</strong></span> <span class='ocrx_word' id='word_1_259' title='bbox 920 1683 1010 1726; x_wconf 82' lang='lat' dir='ltr'><strong>certa·</strong></span> <span class='ocrx_word' id='word_1_260' title='bbox 1057 1672 1144 1739; x_wconf 91' lang='lat' dir='ltr'><strong>potius</strong></span> <span class='ocrx_word' id='word_1_261' title='bbox 1159 1672 1261 1742; x_wconf 81' lang='lat' dir='ltr'><strong>Spiritu</strong></span> <span class='ocrx_word' id='word_1_262' title='bbox 1276 1673 1323 1728; x_wconf 87' lang='lat' dir='ltr'><strong>liei</strong></span> <span class='ocrx_word' id='word_1_263' title='bbox 1339 1673 1407 1728; x_wconf 88' lang='lat' dir='ltr'><strong>istud</strong></span> <span class='ocrx_word' id='word_1_264' title='bbox 1423 1676 1528 1731; x_wconf 89' lang='lat' dir='ltr'><strong>consilii</strong></span> <span class='ocrx_word' id='word_1_265' title='bbox 1542 1677 1576 1730; x_wconf 92' lang='lat' dir='ltr'><strong>ah</strong></span> <span class='ocrx_word' id='word_1_266' title='bbox 1590 1692 1623 1732; x_wconf 88' lang='lat' dir='ltr'><strong>eo</strong></span> <span class='ocrx_word' id='word_1_267' title='bbox 1636 1688 1743 1746; x_wconf 80' lang='lat' dir='ltr'><strong>ceptum</strong></span> <span class='ocrx_word' id='word_1_268' title='bbox 1759 1680 1838 1733; x_wconf 88' lang='lat' dir='ltr'><strong>luisse</strong></span> 
     </span>
     <span class='ocr_line' id='line_1_21' title="bbox 222 1742 1839 1834; baseline -0.001 -30"><span class='ocrx_word' id='word_1_269' title='bbox 222 1757 295 1807; x_wconf 81' lang='lat' dir='ltr'><strong>runt.</strong></span> <span class='ocrx_word' id='word_1_270' title='bbox 307 1747 441 1800; x_wconf 86' lang='lat' dir='ltr'><strong>silentium</strong></span> <span class='ocrx_word' id='word_1_271' title='bbox 453 1744 487 1798; x_wconf 89' lang='lat' dir='ltr'><strong>de</strong></span> <span class='ocrx_word' id='word_1_272' title='bbox 501 1742 553 1797; x_wconf 92' lang='lat' dir='ltr'><strong>isto</strong></span> <span class='ocrx_word' id='word_1_273' title='bbox 567 1743 699 1813; x_wconf 85' lang='lat' dir='ltr'><strong>sytoholo,</strong></span> <span class='ocrx_word' id='word_1_274' title='bbox 713 1751 825 1797; x_wconf 82' lang='lat' dir='ltr'><strong>testatur</strong></span> <span class='ocrx_word' id='word_1_275' title='bbox 839 1742 902 1795; x_wconf 91' lang='lat' dir='ltr'><strong>illud</strong></span> <span class='ocrx_word' id='word_1_276' title='bbox 918 1743 1005 1796; x_wconf 89' lang='lat' dir='ltr'><strong>adhuc</strong></span> <span class='ocrx_word' id='word_1_277' title='bbox 1020 1742 1155 1834; x_wconf 75' lang='lat' dir='ltr'><strong>Betittcit</strong></span> <span class='ocrx_word' id='word_1_278' title='bbox 1166 1744 1249 1808; x_wconf 75' lang='lat' dir='ltr'><strong>ipsius</strong></span> <span class='ocrx_word' id='word_1_279' title='bbox 1261 1743 1373 1813; x_wconf 88' lang='lat' dir='ltr'><strong>symho&#39;i</strong></span> <span class='ocrx_word' id='word_1_280' title='bbox 1386 1754 1537 1814; x_wconf 77' lang='lat' dir='ltr'><strong>contentus,</strong></span> <span class='ocrx_word' id='word_1_281' title='bbox 1558 1746 1585 1800; x_wconf 89' lang='lat' dir='ltr'><strong>iu</strong></span> <span class='ocrx_word' id='word_1_282' title='bbox 1603 1763 1656 1813; x_wconf 89' lang='lat' dir='ltr'><strong>quo</strong></span> <span class='ocrx_word' id='word_1_283' title='bbox 1674 1747 1741 1802; x_wconf 90' lang='lat' dir='ltr'><strong>ntire</strong></span> <span class='ocrx_word' id='word_1_284' title='bbox 1755 1747 1839 1805; x_wconf 83' lang='lat' dir='ltr'><strong>elucet</strong></span> 
     </span>
     <span class='ocr_line' id='line_1_22' title="bbox 224 1812 1838 1886; baseline -0.001 -13"><span class='ocrx_word' id='word_1_285' title='bbox 224 1828 278 1873; x_wconf 89' lang='lat' dir='ltr'><strong>tunt</strong></span> <span class='ocrx_word' id='word_1_286' title='bbox 298 1818 415 1884; x_wconf 88' lang='lat' dir='ltr'><strong>ignotum</strong></span> <span class='ocrx_word' id='word_1_287' title='bbox 431 1814 522 1868; x_wconf 84' lang='lat' dir='ltr'><strong>luisse.</strong></span> <span class='ocrx_word' id='word_1_288' title='bbox 1057 1820 1083 1865; x_wconf 88' lang='lat' dir='ltr'><strong>ct</strong></span> <span class='ocrx_word' id='word_1_289' title='bbox 1098 1812 1158 1865; x_wconf 89' lang='lat' dir='ltr'><strong>lidei</strong></span> <span class='ocrx_word' id='word_1_290' title='bbox 1172 1812 1248 1866; x_wconf 89' lang='lat' dir='ltr'><strong>docta</strong></span> <span class='ocrx_word' id='word_1_291' title='bbox 1262 1813 1434 1881; x_wconf 78' lang='lat' dir='ltr'><strong>stinpiieitas,</strong></span> <span class='ocrx_word' id='word_1_292' title='bbox 1458 1823 1486 1870; x_wconf 88' lang='lat' dir='ltr'><strong>et</strong></span> <span class='ocrx_word' id='word_1_293' title='bbox 1500 1816 1588 1872; x_wconf 85' lang='lat' dir='ltr'><strong>diuina</strong></span> <span class='ocrx_word' id='word_1_294' title='bbox 1605 1815 1722 1886; x_wconf 76' lang='lat' dir='ltr'><strong>Spiritus</strong></span> <span class='ocrx_word' id='word_1_295' title='bbox 1738 1819 1838 1882; x_wconf 84' lang='lat' dir='ltr'><strong>unctio,</strong></span> 
     </span>
    </p>

    <p class='ocr_par' dir='ltr' id='par_1_3' title="bbox 158 1880 1839 2585">
     <span class='ocr_line' id='line_1_23' title="bbox 258 1880 1839 1951; baseline 0.008 -22"><span class='ocrx_word' id='word_1_296' title='bbox 258 1891 284 1942; x_wconf 74' lang='lat'><strong>5,</strong></span> <span class='ocrx_word' id='word_1_297' title='bbox 299 1889 409 1940; x_wconf 56' lang='lat' dir='ltr'><strong>cunstat</strong></span> <span class='ocrx_word' id='word_1_298' title='bbox 431 1883 509 1951; x_wconf 62' lang='lat' dir='ltr'><strong>liuius</strong></span> <span class='ocrx_word' id='word_1_299' title='bbox 534 1880 647 1950; x_wconf 85' lang='lat' dir='ltr'><strong>symboli</strong></span> <span class='ocrx_word' id='word_1_300' title='bbox 670 1889 804 1936; x_wconf 87' lang='lat' dir='ltr'><strong>auctorem</strong></span> <span class='ocrx_word' id='word_1_301' title='bbox 831 1881 1005 1948; x_wconf 88' lang='lat' dir='ltr'><strong>posteriorem</strong></span> <span class='ocrx_word' id='word_1_302' title='bbox 1056 1882 1153 1950; x_wconf 79' lang='lat' dir='ltr'><strong>quihus</strong></span> <span class='ocrx_word' id='word_1_303' title='bbox 1167 1884 1201 1934; x_wconf 90' lang='lat' dir='ltr'><strong>ita</strong></span> <span class='ocrx_word' id='word_1_304' title='bbox 1215 1884 1313 1937; x_wconf 86' lang='lat' dir='ltr'><strong>sartoris</strong></span> <span class='ocrx_word' id='word_1_305' title='bbox 1324 1882 1450 1938; x_wconf 78' lang='lat' dir='ltr'><strong>Ecclesia</strong></span> <span class='ocrx_word' id='word_1_306' title='bbox 1461 1885 1772 1941; x_wconf 80' lang='lat' dir='ltr'><strong>PatribusAtttanasiana</strong></span> <span class='ocrx_word' id='word_1_307' title='bbox 1789 1889 1839 1943; x_wconf 86' lang='lat' dir='ltr'><strong>hdo</strong></span> 
     </span>
     <span class='ocr_line' id='line_1_24' title="bbox 223 1951 1838 2022; baseline 0 -11"><span class='ocrx_word' id='word_1_308' title='bbox 223 1974 276 2012; x_wconf 91' lang='lat' dir='ltr'><strong>uon</strong></span> <span class='ocrx_word' id='word_1_309' title='bbox 290 1972 350 2011; x_wconf 88' lang='lat' dir='ltr'><strong>esse</strong></span> <span class='ocrx_word' id='word_1_310' title='bbox 367 1968 436 2008; x_wconf 92' lang='lat' dir='ltr'><strong>auno</strong></span> <span class='ocrx_word' id='word_1_311' title='bbox 448 1953 550 2006; x_wconf 77' lang='lat' dir='ltr'><strong>homiui</strong></span> <span class='ocrx_word' id='word_1_312' title='bbox 561 1952 754 2006; x_wconf 79' lang='lat' dir='ltr'><strong>sexcentesimo</strong></span> <span class='ocrx_word' id='word_1_313' title='bbox 766 1951 847 2021; x_wconf 79' lang='grc'><strong>939</strong></span> <span class='ocrx_word' id='word_1_314' title='bbox 863 1960 1005 2021; x_wconf 81' lang='lat' dir='ltr'><strong>septuage·</strong></span> <span class='ocrx_word' id='word_1_315' title='bbox 1057 1952 1165 2019; x_wconf 90' lang='lat' dir='ltr'><strong>dignum</strong></span> <span class='ocrx_word' id='word_1_316' title='bbox 1181 1955 1313 2020; x_wconf 82' lang='lat' dir='ltr'><strong>apptrut,</strong></span> <span class='ocrx_word' id='word_1_317' title='bbox 1324 1961 1350 2007; x_wconf 92' lang='grc' dir='ltr'><strong>ιιι</strong></span> <span class='ocrx_word' id='word_1_318' title='bbox 1366 1953 1428 2007; x_wconf 91' lang='lat' dir='ltr'><strong>illud</strong></span> <span class='ocrx_word' id='word_1_319' title='bbox 1439 1955 1550 2022; x_wconf 83' lang='lat' dir='ltr'><strong>siugulis</strong></span> <span class='ocrx_word' id='word_1_320' title='bbox 1567 1956 1712 2010; x_wconf 81' lang='lat' dir='ltr'><strong>Duritiuicis</strong></span> <span class='ocrx_word' id='word_1_321' title='bbox 1724 1957 1838 2011; x_wconf 65' lang='lat' dir='ltr'><strong>tantulum</strong></span> 
     </span>
     <span class='ocr_line' id='line_1_25' title="bbox 222 2020 1837 2095; baseline -0.002 -12"><span class='ocrx_word' id='word_1_322' title='bbox 222 2028 308 2084; x_wconf 87' lang='lat' dir='ltr'><strong>simo:</strong></span> <span class='ocrx_word' id='word_1_323' title='bbox 323 2025 361 2095; x_wconf 76' lang='lat' dir='ltr'><strong>(u)</strong></span> <span class='ocrx_word' id='word_1_324' title='bbox 376 2026 425 2078; x_wconf 88' lang='lat' dir='ltr'><strong>hoc</strong></span> <span class='ocrx_word' id='word_1_325' title='bbox 439 2026 537 2091; x_wconf 89' lang='lat' dir='ltr'><strong>quippe</strong></span> <span class='ocrx_word' id='word_1_326' title='bbox 549 2020 715 2075; x_wconf 89' lang='lat' dir='ltr'><strong>anttohahita</strong></span> <span class='ocrx_word' id='word_1_327' title='bbox 729 2032 770 2075; x_wconf 89' lang='lat' dir='ltr'><strong>est</strong></span> <span class='ocrx_word' id='word_1_328' title='bbox 782 2025 1006 2090; x_wconf 83' lang='lat' dir='ltr'><strong>Augustodunen-</strong></span> <span class='ocrx_word' id='word_1_329' title='bbox 1056 2020 1213 2075; x_wconf 87' lang='lat' dir='ltr'><strong>clericorum</strong></span> <span class='ocrx_word' id='word_1_330' title='bbox 1226 2037 1272 2076; x_wconf 90' lang='lat' dir='ltr'><strong>ore</strong></span> <span class='ocrx_word' id='word_1_331' title='bbox 1283 2022 1413 2078; x_wconf 87' lang='lat' dir='ltr'><strong>celebrari</strong></span> <span class='ocrx_word' id='word_1_332' title='bbox 1432 2034 1460 2077; x_wconf 88' lang='lat' dir='ltr'><strong>et</strong></span> <span class='ocrx_word' id='word_1_333' title='bbox 1472 2025 1541 2079; x_wconf 88' lang='lat' dir='ltr'><strong>inter</strong></span> <span class='ocrx_word' id='word_1_334' title='bbox 1560 2024 1640 2080; x_wconf 88' lang='lat' dir='ltr'><strong>olllcii</strong></span> <span class='ocrx_word' id='word_1_335' title='bbox 1665 2027 1837 2081; x_wconf 72' lang='lat' dir='ltr'><strong>ecclesiastici</strong></span> 
     </span>
     <span class='ocr_line' id='line_1_26' title="bbox 223 2089 1838 2163; baseline -0.002 -11"><span class='ocrx_word' id='word_1_336' title='bbox 223 2098 297 2153; x_wconf 91' lang='lat' dir='ltr'><strong>sisio</strong></span> <span class='ocrx_word' id='word_1_337' title='bbox 311 2095 394 2150; x_wconf 72' lang='lat' dir='ltr'><strong>Gallio</strong></span> <span class='ocrx_word' id='word_1_338' title='bbox 406 2095 524 2163; x_wconf 81' lang='lat' dir='ltr'><strong>synodus</strong></span> <span class='ocrx_word' id='word_1_339' title='bbox 533 2097 582 2146; x_wconf 84' lang='lat' dir='ltr'><strong>suh</strong></span> <span class='ocrx_word' id='word_1_340' title='bbox 593 2098 685 2145; x_wconf 72' lang='lat' dir='ltr'><strong>sancti</strong></span> <span class='ocrx_word' id='word_1_341' title='bbox 701 2089 1005 2160; x_wconf 81' lang='lat' dir='ltr'><strong>leodegariuepiscopo,</strong></span> <span class='ocrx_word' id='word_1_342' title='bbox 1058 2091 1406 2159; x_wconf 87' lang='lat' dir='ltr'><strong>partescenscriroiuerint.</strong></span> <span class='ocrx_word' id='word_1_343' title='bbox 1420 2093 1562 2147; x_wconf 83' lang='lat' dir='ltr'><strong>Enimuero</strong></span> <span class='ocrx_word' id='word_1_344' title='bbox 1573 2094 1734 2149; x_wconf 85' lang='lat' dir='ltr'><strong>latissimum</strong></span> <span class='ocrx_word' id='word_1_345' title='bbox 1744 2096 1838 2151; x_wconf 83' lang='lat' dir='ltr'><strong>discti-</strong></span> 
     </span>
     <span class='ocr_line' id='line_1_27' title="bbox 223 2160 1838 2234; baseline -0.004 -10"><span class='ocrx_word' id='word_1_346' title='bbox 223 2169 299 2234; x_wconf 82' lang='lat' dir='ltr'><strong>cujus</strong></span> <span class='ocrx_word' id='word_1_347' title='bbox 312 2168 355 2220; x_wconf 90' lang='lat' dir='ltr'><strong>hic</strong></span> <span class='ocrx_word' id='word_1_348' title='bbox 369 2180 453 2220; x_wconf 86' lang='lat' dir='ltr'><strong>canon</strong></span> <span class='ocrx_word' id='word_1_349' title='bbox 463 2162 576 2231; x_wconf 87' lang='lat' dir='ltr'><strong>iegitur:</strong></span> <span class='ocrx_word' id='word_1_350' title='bbox 596 2161 625 2216; x_wconf 86' lang='lat' dir='ltr'><strong>Si</strong></span> <span class='ocrx_word' id='word_1_351' title='bbox 638 2161 694 2227; x_wconf 85' lang='lat' dir='ltr'><strong>quis</strong></span> <span class='ocrx_word' id='word_1_352' title='bbox 706 2160 848 2231; x_wconf 83' lang='lat' dir='ltr'><strong>prerhptcr,</strong></span> <span class='ocrx_word' id='word_1_353' title='bbox 869 2161 1004 2225; x_wconf 80' lang='lat' dir='ltr'><strong>diaconae,</strong></span> <span class='ocrx_word' id='word_1_354' title='bbox 1057 2174 1118 2215; x_wconf 90' lang='lat' dir='ltr'><strong>meu</strong></span> <span class='ocrx_word' id='word_1_355' title='bbox 1133 2170 1174 2215; x_wconf 92' lang='lat' dir='ltr'><strong>est</strong></span> <span class='ocrx_word' id='word_1_356' title='bbox 1188 2161 1259 2216; x_wconf 89' lang='lat' dir='ltr'><strong>inter</strong></span> <span class='ocrx_word' id='word_1_357' title='bbox 1274 2163 1359 2229; x_wconf 89' lang='lat' dir='ltr'><strong>ipsum</strong></span> <span class='ocrx_word' id='word_1_358' title='bbox 1375 2172 1402 2216; x_wconf 89' lang='lat' dir='ltr'><strong>et</strong></span> <span class='ocrx_word' id='word_1_359' title='bbox 1416 2163 1589 2230; x_wconf 81' lang='lat' dir='ltr'><strong>impostorem</strong></span> <span class='ocrx_word' id='word_1_360' title='bbox 1613 2164 1686 2218; x_wconf 91' lang='lat' dir='ltr'><strong>illum</strong></span> <span class='ocrx_word' id='word_1_361' title='bbox 1699 2166 1746 2230; x_wconf 90' lang='lat' dir='ltr'><strong>qui</strong></span> <span class='ocrx_word' id='word_1_362' title='bbox 1766 2167 1838 2219; x_wconf 86' lang='lat' dir='ltr'><strong>nohis</strong></span> 
     </span>
     <span class='ocr_line' id='line_1_28' title="bbox 223 2231 1835 2301; baseline -0.002 -8"><span class='ocrx_word' id='word_1_363' title='bbox 223 2237 401 2298; x_wconf 76' lang='lat' dir='ltr'><strong>subdiaconus,</strong></span> <span class='ocrx_word' id='word_1_364' title='bbox 416 2232 454 2288; x_wconf 86' lang='lat' dir='ltr'><strong>uei</strong></span> <span class='ocrx_word' id='word_1_365' title='bbox 465 2233 572 2286; x_wconf 84' lang='lat' dir='ltr'><strong>clericus</strong></span> <span class='ocrx_word' id='word_1_366' title='bbox 586 2231 726 2301; x_wconf 75' lang='lat' dir='ltr'><strong>sumtuum</strong></span> <span class='ocrx_word' id='word_1_367' title='bbox 739 2232 808 2299; x_wconf 86' lang='lat' dir='ltr'><strong>quod</strong></span> <span class='ocrx_word' id='word_1_368' title='bbox 824 2239 912 2283; x_wconf 84' lang='lat' dir='ltr'><strong>sancto</strong></span> <span class='ocrx_word' id='word_1_369' title='bbox 927 2231 1007 2296; x_wconf 90' lang='lat' dir='ltr'><strong>inspi·</strong></span> <span class='ocrx_word' id='word_1_370' title='bbox 1057 2240 1097 2285; x_wconf 91' lang='lat' dir='ltr'><strong>lot</strong></span> <span class='ocrx_word' id='word_1_371' title='bbox 1114 2233 1310 2286; x_wconf 85' lang='lat' dir='ltr'><strong>commentitias</strong></span> <span class='ocrx_word' id='word_1_372' title='bbox 1325 2232 1452 2300; x_wconf 82' lang='lat' dir='ltr'><strong>epistolas</strong></span> <span class='ocrx_word' id='word_1_373' title='bbox 1469 2234 1518 2288; x_wconf 86' lang='lat' dir='ltr'><strong>suit</strong></span> <span class='ocrx_word' id='word_1_374' title='bbox 1534 2233 1688 2300; x_wconf 88' lang='lat' dir='ltr'><strong>pontilicrtm</strong></span> <span class='ocrx_word' id='word_1_375' title='bbox 1705 2234 1835 2290; x_wconf 83' lang='lat' dir='ltr'><strong>Romano·</strong></span> 
     </span>
     <span class='ocr_line' id='line_1_29' title="bbox 223 2300 1838 2373; baseline -0.004 -10"><span class='ocrx_word' id='word_1_376' title='bbox 223 2319 296 2363; x_wconf 87' lang='lat' dir='ltr'><strong>rotttc</strong></span> <span class='ocrx_word' id='word_1_377' title='bbox 323 2306 424 2368; x_wconf 84' lang='lat' dir='ltr'><strong>Spiritu</strong></span> <span class='ocrx_word' id='word_1_378' title='bbox 442 2303 551 2372; x_wconf 82' lang='lat' dir='ltr'><strong>apostoli</strong></span> <span class='ocrx_word' id='word_1_379' title='bbox 574 2302 748 2363; x_wconf 83' lang='lat' dir='ltr'><strong>tradiderunt,</strong></span> <span class='ocrx_word' id='word_1_380' title='bbox 779 2309 802 2353; x_wconf 90' lang='lat' dir='ltr'><strong>et</strong></span> <span class='ocrx_word' id='word_1_381' title='bbox 823 2301 900 2368; x_wconf 81' lang='lat' dir='ltr'><strong>fidem</strong></span> <span class='ocrx_word' id='word_1_382' title='bbox 924 2300 1007 2354; x_wconf 85' lang='lat' dir='ltr'><strong>suncti</strong></span> <span class='ocrx_word' id='word_1_383' title='bbox 1057 2315 1116 2354; x_wconf 90' lang='lat' dir='ltr'><strong>rum</strong></span> <span class='ocrx_word' id='word_1_384' title='bbox 1128 2300 1278 2356; x_wconf 90' lang='lat' dir='ltr'><strong>nominihus</strong></span> <span class='ocrx_word' id='word_1_385' title='bbox 1290 2302 1404 2369; x_wconf 85' lang='lat' dir='ltr'><strong>pessima</strong></span> <span class='ocrx_word' id='word_1_386' title='bbox 1416 2310 1474 2357; x_wconf 91' lang='lat' dir='ltr'><strong>arte</strong></span> <span class='ocrx_word' id='word_1_387' title='bbox 1488 2303 1838 2373; x_wconf 83' lang='lat' dir='ltr'><strong>ntenthueconilctaspro·</strong></span> 
     </span>
     <span class='ocr_line' id='line_1_30' title="bbox 223 2370 1838 2446; baseline -0.004 -13"><span class='ocrx_word' id='word_1_388' title='bbox 223 2376 357 2433; x_wconf 83' lang='lat' dir='ltr'><strong>Athanasii</strong></span> <span class='ocrx_word' id='word_1_389' title='bbox 368 2374 484 2446; x_wconf 79' lang='lat' dir='ltr'><strong>precantia</strong></span> <span class='ocrx_word' id='word_1_390' title='bbox 503 2370 755 2441; x_wconf 66' lang='lat' dir='ltr'><strong>irreprehensibiliter</strong></span> <span class='ocrx_word' id='word_1_391' title='bbox 769 2386 818 2423; x_wconf 91' lang='lat' dir='ltr'><strong>non</strong></span> <span class='ocrx_word' id='word_1_392' title='bbox 841 2371 1005 2435; x_wconf 83' lang='lat' dir='ltr'><strong>recensuerit,</strong></span> <span class='ocrx_word' id='word_1_393' title='bbox 1058 2371 1175 2426; x_wconf 80' lang='lat' dir='ltr'><strong>tuiittltt</strong></span> <span class='ocrx_word' id='word_1_394' title='bbox 1200 2371 1352 2439; x_wconf 85' lang='lat' dir='ltr'><strong>hujusmodi</strong></span> <span class='ocrx_word' id='word_1_395' title='bbox 1382 2372 1452 2426; x_wconf 87' lang='lat' dir='ltr'><strong>enirn</strong></span> <span class='ocrx_word' id='word_1_396' title='bbox 1476 2373 1597 2442; x_wconf 84' lang='lat' dir='ltr'><strong>epistolis</strong></span> <span class='ocrx_word' id='word_1_397' title='bbox 1618 2372 1685 2426; x_wconf 86' lang='lat' dir='ltr'><strong>nihii</strong></span> <span class='ocrx_word' id='word_1_398' title='bbox 1712 2388 1779 2443; x_wconf 89' lang='lat' dir='ltr'><strong>pene</strong></span> <span class='ocrx_word' id='word_1_399' title='bbox 1799 2383 1838 2427; x_wconf 65' lang='lat' dir='ltr'><strong>est</strong></span> 
     </span>
     <span class='ocr_line' id='line_1_31' title="bbox 223 2439 1838 2513; baseline -0.004 -11"><span class='ocrx_word' id='word_1_400' title='bbox 223 2448 386 2513; x_wconf 78' lang='lat' dir='ltr'><strong>abepiscopo</strong></span> <span class='ocrx_word' id='word_1_401' title='bbox 410 2444 599 2497; x_wconf 84' lang='lat' dir='ltr'><strong>condemnetur.</strong></span> <span class='ocrx_word' id='word_1_402' title='bbox 624 2441 707 2493; x_wconf 81' lang='lat' dir='ltr'><strong>lmuto</strong></span> <span class='ocrx_word' id='word_1_403' title='bbox 722 2449 749 2493; x_wconf 92' lang='lat' dir='ltr'><strong>et</strong></span> <span class='ocrx_word' id='word_1_404' title='bbox 758 2440 813 2506; x_wconf 80' lang='lat' dir='ltr'><strong>jaun</strong></span> <span class='ocrx_word' id='word_1_405' title='bbox 824 2440 858 2493; x_wconf 92' lang='lat' dir='ltr'><strong>ah</strong></span> <span class='ocrx_word' id='word_1_406' title='bbox 869 2455 941 2493; x_wconf 89' lang='lat' dir='ltr'><strong>auno</strong></span> <span class='ocrx_word' id='word_1_407' title='bbox 953 2440 1007 2494; x_wconf 76' lang='lat'><strong>655</strong></span> <span class='ocrx_word' id='word_1_408' title='bbox 1057 2439 1128 2509; x_wconf 88' lang='lat' dir='ltr'><strong>quod</strong></span> <span class='ocrx_word' id='word_1_409' title='bbox 1140 2455 1193 2494; x_wconf 91' lang='lat' dir='ltr'><strong>non</strong></span> <span class='ocrx_word' id='word_1_410' title='bbox 1204 2440 1263 2497; x_wconf 85' lang='lat' dir='ltr'><strong>aliis</strong></span> <span class='ocrx_word' id='word_1_411' title='bbox 1277 2441 1348 2508; x_wconf 88' lang='lat' dir='ltr'><strong>turpi</strong></span> <span class='ocrx_word' id='word_1_412' title='bbox 1364 2440 1433 2494; x_wconf 88' lang='lat' dir='ltr'><strong>lurto</strong></span> <span class='ocrx_word' id='word_1_413' title='bbox 1447 2441 1600 2510; x_wconf 85' lang='lat' dir='ltr'><strong>subreptum</strong></span> <span class='ocrx_word' id='word_1_414' title='bbox 1612 2441 1704 2508; x_wconf 84' lang='lat' dir='ltr'><strong>luerit,</strong></span> <span class='ocrx_word' id='word_1_415' title='bbox 1717 2446 1759 2498; x_wconf 84' lang='lat' dir='ltr'><strong>rel</strong></span> <span class='ocrx_word' id='word_1_416' title='bbox 1773 2446 1838 2510; x_wconf 91' lang='lat' dir='ltr'><strong>quoi</strong></span> 
     </span>
     <span class='ocr_line' id='line_1_32' title="bbox 158 2509 1837 2585; baseline -0.001 -17"><span class='ocrx_word' id='word_1_417' title='bbox 158 2562 161 2568; x_wconf 90' lang='lat'><strong>.</strong></span> <span class='ocrx_word' id='word_1_418' title='bbox 223 2517 312 2585; x_wconf 84' lang='lat' dir='ltr'><strong>aliqua</strong></span> <span class='ocrx_word' id='word_1_419' title='bbox 326 2515 420 2570; x_wconf 87' lang='lat' dir='ltr'><strong>existo</strong></span> <span class='ocrx_word' id='word_1_420' title='bbox 433 2512 555 2582; x_wconf 88' lang='lat' dir='ltr'><strong>syntholo</strong></span> <span class='ocrx_word' id='word_1_421' title='bbox 569 2509 702 2577; x_wconf 86' lang='lat' dir='ltr'><strong>descripta</strong></span> <span class='ocrx_word' id='word_1_422' title='bbox 719 2509 782 2562; x_wconf 90' lang='lat' dir='ltr'><strong>mihi</strong></span> <span class='ocrx_word' id='word_1_423' title='bbox 794 2510 917 2562; x_wconf 83' lang='lat' dir='ltr'><strong>ridentur</strong></span> <span class='ocrx_word' id='word_1_424' title='bbox 936 2512 961 2563; x_wconf 90' lang='lat' dir='ltr'><strong>itt</strong></span> <span class='ocrx_word' id='word_1_425' title='bbox 975 2523 1006 2563; x_wconf 85' lang='lat' dir='ltr'><strong>ea</strong></span> <span class='ocrx_word' id='word_1_426' title='bbox 1058 2511 1090 2564; x_wconf 89' lang='lat' dir='ltr'><strong>its</strong></span> <span class='ocrx_word' id='word_1_427' title='bbox 1103 2511 1273 2577; x_wconf 89' lang='lat' dir='ltr'><strong>pontilicihus</strong></span> <span class='ocrx_word' id='word_1_428' title='bbox 1288 2512 1383 2580; x_wconf 85' lang='lat' dir='ltr'><strong>quihus</strong></span> <span class='ocrx_word' id='word_1_429' title='bbox 1398 2512 1550 2566; x_wconf 87' lang='lat' dir='ltr'><strong>tribuuntur</strong></span> <span class='ocrx_word' id='word_1_430' title='bbox 1569 2512 1706 2581; x_wconf 87' lang='lat' dir='ltr'><strong>indignum</strong></span> <span class='ocrx_word' id='word_1_431' title='bbox 1731 2528 1783 2566; x_wconf 92' lang='lat' dir='ltr'><strong>uon</strong></span> <span class='ocrx_word' id='word_1_432' title='bbox 1796 2515 1837 2571; x_wconf 83' lang='lat' dir='ltr'><strong>sit.</strong></span> 
     </span>
    </p>
   </div>
   <div class='ocr_carea' id='block_1_3' title="bbox 126 2573 1839 2651">
    <p class='ocr_par' dir='ltr' id='par_1_4' title="bbox 126 2573 1839 2651">
     <span class='ocr_line' id='line_1_33' title="bbox 126 2573 1839 2651; baseline -0.005 -8"><span class='ocrx_word' id='word_1_433' title='bbox 126 2643 129 2650; x_wconf 70' lang='grc'><strong><em>,</em></strong></span> <span class='ocrx_word' id='word_1_434' title='bbox 224 2587 394 2643; x_wconf 87' lang='lat' dir='ltr'><strong>cottiessiotte</strong></span> <span class='ocrx_word' id='word_1_435' title='bbox 406 2582 467 2637; x_wconf 90' lang='lat' dir='ltr'><strong>ildei</strong></span> <span class='ocrx_word' id='word_1_436' title='bbox 480 2597 539 2649; x_wconf 81' lang='lat' dir='ltr'><strong>qum</strong></span> <span class='ocrx_word' id='word_1_437' title='bbox 550 2580 619 2634; x_wconf 86' lang='lat' dir='ltr'><strong>edita</strong></span> <span class='ocrx_word' id='word_1_438' title='bbox 628 2588 670 2634; x_wconf 90' lang='lat' dir='ltr'><strong>est</strong></span> <span class='ocrx_word' id='word_1_439' title='bbox 683 2594 697 2632; x_wconf 91' lang='lat' dir='ltr'><strong>a</strong></span> <span class='ocrx_word' id='word_1_440' title='bbox 709 2580 821 2633; x_wconf 91' lang='lat' dir='ltr'><strong>concilio</strong></span> <span class='ocrx_word' id='word_1_441' title='bbox 830 2578 959 2633; x_wconf 80' lang='lat' dir='ltr'><strong>Toletano</strong></span> <span class='ocrx_word' id='word_1_442' title='bbox 968 2573 1006 2645; x_wconf 77' lang='lat' dir='ltr'><strong>itt,</strong></span> <span class='ocrx_word' id='word_1_443' title='bbox 1058 2588 1150 2648; x_wconf 89' lang='lat' dir='ltr'><strong>utpote</strong></span> <span class='ocrx_word' id='word_1_444' title='bbox 1162 2590 1189 2635; x_wconf 91' lang='lat' dir='ltr'><strong>et</strong></span> <span class='ocrx_word' id='word_1_445' title='bbox 1207 2581 1312 2634; x_wconf 90' lang='lat' dir='ltr'><strong>iliorum</strong></span> <span class='ocrx_word' id='word_1_446' title='bbox 1329 2581 1634 2651; x_wconf 75' lang='lat' dir='ltr'><strong>temporumdisciplinac</strong></span> <span class='ocrx_word' id='word_1_447' title='bbox 1647 2581 1799 2646; x_wconf 80' lang='lat' dir='ltr'><strong>adeersum,</strong></span> <span class='ocrx_word' id='word_1_448' title='bbox 1814 2585 1839 2636; x_wconf 84' lang='lat' dir='ltr'><strong>ei</strong></span> 
     </span>
    </p>
   </div>
   <div class='ocr_carea' id='block_1_4' title="bbox 224 2650 1844 3492">
    <p class='ocr_par' dir='ltr' id='par_1_5' title="bbox 226 2650 1839 2721">
     <span class='ocr_line' id='line_1_34' title="bbox 226 2650 1839 2721; baseline -0.005 -8"><span class='ocrx_word' id='word_1_449' title='bbox 226 2658 392 2721; x_wconf 79' lang='lat' dir='ltr'><strong>habeturque</strong></span> <span class='ocrx_word' id='word_1_450' title='bbox 403 2653 484 2721; x_wconf 90' lang='lat' dir='ltr'><strong>capit.</strong></span> <span class='ocrx_word' id='word_1_451' title='bbox 500 2651 655 2720; x_wconf 81' lang='lat' dir='ltr'><strong>lejusdem.</strong></span> <span class='ocrx_word' id='word_1_452' title='bbox 1058 2663 1091 2704; x_wconf 86' lang='lat' dir='ltr'><strong>et</strong></span> <span class='ocrx_word' id='word_1_453' title='bbox 1106 2651 1226 2705; x_wconf 90' lang='lat' dir='ltr'><strong>consutis</strong></span> <span class='ocrx_word' id='word_1_454' title='bbox 1245 2650 1338 2718; x_wconf 90' lang='lat' dir='ltr'><strong>parmis</strong></span> <span class='ocrx_word' id='word_1_455' title='bbox 1362 2652 1433 2705; x_wconf 88' lang='lat' dir='ltr'><strong>mule</strong></span> <span class='ocrx_word' id='word_1_456' title='bbox 1459 2662 1639 2720; x_wconf 88' lang='lat' dir='ltr'><strong>compactum.</strong></span> <span class='ocrx_word' id='word_1_457' title='bbox 1660 2651 1690 2705; x_wconf 93' lang='lat' dir='ltr'><strong>ln</strong></span> <span class='ocrx_word' id='word_1_458' title='bbox 1712 2652 1762 2707; x_wconf 88' lang='lat' dir='ltr'><strong>hoc</strong></span> <span class='ocrx_word' id='word_1_459' title='bbox 1778 2665 1839 2705; x_wconf 85' lang='lat' dir='ltr'><strong>tero</strong></span> 
     </span>
    </p>

    <p class='ocr_par' dir='ltr' id='par_1_6' title="bbox 224 2718 1844 3492">
     <span class='ocr_line' id='line_1_35' title="bbox 259 2718 1837 2791; baseline -0.003 -12"><span class='ocrx_word' id='word_1_460' title='bbox 259 2729 286 2780; x_wconf 88' lang='lat' dir='ltr'><strong>t.</strong></span> <span class='ocrx_word' id='word_1_461' title='bbox 299 2726 413 2780; x_wconf 82' lang='lat' dir='ltr'><strong>liuhium</strong></span> <span class='ocrx_word' id='word_1_462' title='bbox 427 2733 524 2777; x_wconf 90' lang='lat' dir='ltr'><strong>nonest</strong></span> <span class='ocrx_word' id='word_1_463' title='bbox 533 2721 596 2790; x_wconf 91' lang='lat' dir='ltr'><strong>quin</strong></span> <span class='ocrx_word' id='word_1_464' title='bbox 611 2718 701 2773; x_wconf 89' lang='lat' dir='ltr'><strong>ntultts</strong></span> <span class='ocrx_word' id='word_1_465' title='bbox 714 2728 775 2772; x_wconf 89' lang='lat' dir='ltr'><strong>aute</strong></span> <span class='ocrx_word' id='word_1_466' title='bbox 788 2718 920 2789; x_wconf 78' lang='lat' dir='ltr'><strong>synodum</strong></span> <span class='ocrx_word' id='word_1_467' title='bbox 935 2718 1007 2774; x_wconf 88' lang='lat' dir='ltr'><strong>illam</strong></span> <span class='ocrx_word' id='word_1_468' title='bbox 1059 2719 1240 2775; x_wconf 71' lang='lat' dir='ltr'><strong>athanasiana</strong></span> <span class='ocrx_word' id='word_1_469' title='bbox 1256 2720 1380 2790; x_wconf 91' lang='lat' dir='ltr'><strong>symholo</strong></span> <span class='ocrx_word' id='word_1_470' title='bbox 1400 2722 1489 2776; x_wconf 89' lang='lat' dir='ltr'><strong>urnula</strong></span> <span class='ocrx_word' id='word_1_471' title='bbox 1512 2722 1657 2775; x_wconf 88' lang='lat' dir='ltr'><strong>Athanasio</strong></span> <span class='ocrx_word' id='word_1_472' title='bbox 1670 2720 1749 2791; x_wconf 88' lang='lat' dir='ltr'><strong>digna</strong></span> <span class='ocrx_word' id='word_1_473' title='bbox 1767 2730 1837 2786; x_wconf 84' lang='lat' dir='ltr'><strong>snut,</strong></span> 
     </span>
     <span class='ocr_line' id='line_1_36' title="bbox 224 2787 1839 2866; baseline -0.005 -14"><span class='ocrx_word' id='word_1_474' title='bbox 224 2796 492 2866; x_wconf 85' lang='lat' dir='ltr'><strong>Augustoduuenscm</strong></span> <span class='ocrx_word' id='word_1_475' title='bbox 511 2790 588 2844; x_wconf 86' lang='lat' dir='ltr'><strong>antris</strong></span> <span class='ocrx_word' id='word_1_476' title='bbox 610 2787 786 2853; x_wconf 89' lang='lat' dir='ltr'><strong>compositum</strong></span> <span class='ocrx_word' id='word_1_477' title='bbox 807 2798 889 2856; x_wconf 89' lang='lat' dir='ltr'><strong>esset,</strong></span> <span class='ocrx_word' id='word_1_478' title='bbox 913 2789 1006 2856; x_wconf 83' lang='lat' dir='ltr'><strong>etjam</strong></span> <span class='ocrx_word' id='word_1_479' title='bbox 1058 2787 1147 2843; x_wconf 90' lang='lat' dir='ltr'><strong>omnia</strong></span> <span class='ocrx_word' id='word_1_480' title='bbox 1165 2789 1226 2846; x_wconf 87' lang='lat' dir='ltr'><strong>lidei</strong></span> <span class='ocrx_word' id='word_1_481' title='bbox 1242 2790 1389 2846; x_wconf 82' lang='lat' dir='ltr'><strong>stercoritati</strong></span> <span class='ocrx_word' id='word_1_482' title='bbox 1411 2805 1470 2859; x_wconf 81' lang='lat' dir='ltr'><strong>quae</strong></span> <span class='ocrx_word' id='word_1_483' title='bbox 1483 2792 1627 2858; x_wconf 84' lang='lat' dir='ltr'><strong>exponitur</strong></span> <span class='ocrx_word' id='word_1_484' title='bbox 1648 2793 1839 2861; x_wconf 86' lang='lat' dir='ltr'><strong>apprimecon·</strong></span> 
     </span>
     <span class='ocr_line' id='line_1_37' title="bbox 224 2858 1841 2935; baseline -0.006 -13"><span class='ocrx_word' id='word_1_485' title='bbox 224 2868 287 2923; x_wconf 90' lang='lat' dir='ltr'><strong>olim</strong></span> <span class='ocrx_word' id='word_1_486' title='bbox 304 2881 350 2935; x_wconf 86' lang='lat' dir='ltr'><strong>per</strong></span> <span class='ocrx_word' id='word_1_487' title='bbox 375 2873 460 2919; x_wconf 87' lang='lat' dir='ltr'><strong>totam</strong></span> <span class='ocrx_word' id='word_1_488' title='bbox 482 2860 629 2916; x_wconf 86' lang='lat' dir='ltr'><strong>Ecclesium</strong></span> <span class='ocrx_word' id='word_1_489' title='bbox 645 2858 752 2913; x_wconf 88' lang='lat' dir='ltr'><strong>celebre</strong></span> <span class='ocrx_word' id='word_1_490' title='bbox 772 2859 923 2914; x_wconf 85' lang='lat' dir='ltr'><strong>erasisset:</strong></span> <span class='ocrx_word' id='word_1_491' title='bbox 940 2875 1008 2914; x_wconf 91' lang='lat' dir='ltr'><strong>nun·</strong></span> <span class='ocrx_word' id='word_1_492' title='bbox 1058 2859 1201 2915; x_wconf 80' lang='lat' dir='ltr'><strong>uenientia.</strong></span> <span class='ocrx_word' id='word_1_493' title='bbox 1226 2859 1311 2914; x_wconf 91' lang='lat' dir='ltr'><strong>lmuto</strong></span> <span class='ocrx_word' id='word_1_494' title='bbox 1334 2874 1384 2915; x_wconf 91' lang='lat' dir='ltr'><strong>nec</strong></span> <span class='ocrx_word' id='word_1_495' title='bbox 1406 2859 1498 2915; x_wconf 85' lang='lat' dir='ltr'><strong>titulus</strong></span> <span class='ocrx_word' id='word_1_496' title='bbox 1521 2860 1579 2930; x_wconf 88' lang='lat' dir='ltr'><strong>ipse</strong></span> <span class='ocrx_word' id='word_1_497' title='bbox 1601 2861 1732 2915; x_wconf 87' lang='lat' dir='ltr'><strong>mendacii</strong></span> <span class='ocrx_word' id='word_1_498' title='bbox 1754 2870 1841 2930; x_wconf 89' lang='lat' dir='ltr'><strong>potest</strong></span> 
     </span>
     <span class='ocr_line' id='line_1_38' title="bbox 224 2928 1840 3005; baseline -0.005 -14"><span class='ocrx_word' id='word_1_499' title='bbox 224 2953 303 3005; x_wconf 85' lang='lat' dir='ltr'><strong>quarn</strong></span> <span class='ocrx_word' id='word_1_500' title='bbox 315 2935 386 2991; x_wconf 90' lang='lat' dir='ltr'><strong>ertitn</strong></span> <span class='ocrx_word' id='word_1_501' title='bbox 398 2930 586 3001; x_wconf 85' lang='lat' dir='ltr'><strong>sapientissimi</strong></span> <span class='ocrx_word' id='word_1_502' title='bbox 602 2928 734 2984; x_wconf 88' lang='lat' dir='ltr'><strong>antistites</strong></span> <span class='ocrx_word' id='word_1_503' title='bbox 751 2928 777 2983; x_wconf 91' lang='lat' dir='ltr'><strong>id</strong></span> <span class='ocrx_word' id='word_1_504' title='bbox 799 2929 1007 2992; x_wconf 87' lang='lat' dir='ltr'><strong>commisissent,</strong></span> <span class='ocrx_word' id='word_1_505' title='bbox 1058 2929 1131 2984; x_wconf 81' lang='lat' dir='ltr'><strong>omiti</strong></span> <span class='ocrx_word' id='word_1_506' title='bbox 1145 2945 1179 2984; x_wconf 80' lang='lat' dir='ltr'><strong>ca</strong></span> <span class='ocrx_word' id='word_1_507' title='bbox 1192 2942 1267 2998; x_wconf 90' lang='lat' dir='ltr'><strong>parte</strong></span> <span class='ocrx_word' id='word_1_508' title='bbox 1280 2932 1354 2999; x_wconf 92' lang='lat' dir='ltr'><strong>argui</strong></span> <span class='ocrx_word' id='word_1_509' title='bbox 1367 2947 1375 2984; x_wconf 82' lang='lat' dir='ltr'><strong>r</strong></span> <span class='ocrx_word' id='word_1_510' title='bbox 1387 2945 1439 2984; x_wconf 90' lang='lat' dir='ltr'><strong>nou</strong></span> <span class='ocrx_word' id='word_1_511' title='bbox 1454 2932 1537 2997; x_wconf 88' lang='lat' dir='ltr'><strong>enim,</strong></span> <span class='ocrx_word' id='word_1_512' title='bbox 1554 2941 1584 2986; x_wconf 94' lang='lat' dir='ltr'><strong>ut</strong></span> <span class='ocrx_word' id='word_1_513' title='bbox 1598 2931 1624 2985; x_wconf 94' lang='lat' dir='ltr'><strong>iu</strong></span> <span class='ocrx_word' id='word_1_514' title='bbox 1642 2930 1778 2985; x_wconf 66' lang='lat' dir='ltr'><strong>nodzetnts</strong></span> <span class='ocrx_word' id='word_1_515' title='bbox 1793 2943 1840 2984; x_wconf 88' lang='lat' dir='ltr'><strong>eo·</strong></span> 
     </span>
     <span class='ocr_line' id='line_1_39' title="bbox 226 2997 1840 3070; baseline -0.004 -10"><span class='ocrx_word' id='word_1_516' title='bbox 226 3016 253 3060; x_wconf 91' lang='lat' dir='ltr'><strong>ut</strong></span> <span class='ocrx_word' id='word_1_517' title='bbox 269 3007 347 3059; x_wconf 88' lang='lat' dir='ltr'><strong>istam</strong></span> <span class='ocrx_word' id='word_1_518' title='bbox 371 3003 432 3058; x_wconf 88' lang='lat' dir='ltr'><strong>lidei</strong></span> <span class='ocrx_word' id='word_1_519' title='bbox 458 3000 729 3056; x_wconf 84' lang='lat' dir='ltr'><strong>iormu¹amotnnium</strong></span> <span class='ocrx_word' id='word_1_520' title='bbox 751 2997 874 3052; x_wconf 88' lang='lat' dir='ltr'><strong>ordinum</strong></span> <span class='ocrx_word' id='word_1_521' title='bbox 901 2998 1007 3054; x_wconf 87' lang='lat' dir='ltr'><strong>clericis</strong></span> <span class='ocrx_word' id='word_1_522' title='bbox 1059 2997 1162 3054; x_wconf 90' lang='lat' dir='ltr'><strong>dicihus</strong></span> <span class='ocrx_word' id='word_1_523' title='bbox 1171 2999 1275 3070; x_wconf 87' lang='lat' dir='ltr'><strong>legitur,</strong></span> <span class='ocrx_word' id='word_1_524' title='bbox 1286 2999 1403 3069; x_wconf 83' lang='lat' dir='ltr'><strong>Sptnholi</strong></span> <span class='ocrx_word' id='word_1_525' title='bbox 1412 3014 1509 3056; x_wconf 87' lang='lat' dir='ltr'><strong>nomen</strong></span> <span class='ocrx_word' id='word_1_526' title='bbox 1518 3015 1611 3070; x_wconf 75' lang='lat' dir='ltr'><strong>presse</strong></span> <span class='ocrx_word' id='word_1_527' title='bbox 1620 3000 1687 3065; x_wconf 90' lang='lat' dir='ltr'><strong>tulit,</strong></span> <span class='ocrx_word' id='word_1_528' title='bbox 1699 2999 1744 3053; x_wconf 87' lang='lat' dir='ltr'><strong>sed</strong></span> <span class='ocrx_word' id='word_1_529' title='bbox 1753 2997 1840 3054; x_wconf 79' lang='lat' dir='ltr'><strong>Fidei.</strong></span> 
     </span>
     <span class='ocr_line' id='line_1_40' title="bbox 226 3066 1841 3146; baseline -0.005 -15"><span class='ocrx_word' id='word_1_530' title='bbox 226 3074 437 3146; x_wconf 86' lang='lat' dir='ltr'><strong>amplectendam</strong></span> <span class='ocrx_word' id='word_1_531' title='bbox 454 3083 477 3125; x_wconf 91' lang='lat' dir='ltr'><strong>et</strong></span> <span class='ocrx_word' id='word_1_532' title='bbox 491 3066 756 3136; x_wconf 74' lang='lat' dir='ltr'><strong>irreprehensibiliter,</strong></span> <span class='ocrx_word' id='word_1_533' title='bbox 771 3076 800 3121; x_wconf 91' lang='lat' dir='ltr'><strong>ut</strong></span> <span class='ocrx_word' id='word_1_534' title='bbox 812 3069 897 3135; x_wconf 87' lang='lat' dir='ltr'><strong>aiutu,</strong></span> <span class='ocrx_word' id='word_1_535' title='bbox 918 3084 1007 3124; x_wconf 88' lang='lat' dir='ltr'><strong>recen·</strong></span> <span class='ocrx_word' id='word_1_536' title='bbox 1060 3067 1098 3123; x_wconf 89' lang='lat' dir='ltr'><strong>lta</strong></span> <span class='ocrx_word' id='word_1_537' title='bbox 1122 3069 1150 3124; x_wconf 91' lang='lat' dir='ltr'><strong>in</strong></span> <span class='ocrx_word' id='word_1_538' title='bbox 1169 3070 1401 3140; x_wconf 88' lang='lat' dir='ltr'><strong>Augustoduneosi</strong></span> <span class='ocrx_word' id='word_1_539' title='bbox 1424 3084 1528 3126; x_wconf 83' lang='lat' dir='ltr'><strong>canoue</strong></span> <span class='ocrx_word' id='word_1_540' title='bbox 1552 3086 1632 3138; x_wconf 87' lang='lat' dir='ltr'><strong>supra</strong></span> <span class='ocrx_word' id='word_1_541' title='bbox 1653 3071 1797 3138; x_wconf 86' lang='lat' dir='ltr'><strong>descripto,</strong></span> <span class='ocrx_word' id='word_1_542' title='bbox 1815 3071 1841 3123; x_wconf 91' lang='lat' dir='ltr'><strong>in</strong></span> 
     </span>
     <span class='ocr_line' id='line_1_41' title="bbox 226 3136 1841 3213; baseline -0.005 -12"><span class='ocrx_word' id='word_1_543' title='bbox 226 3147 329 3202; x_wconf 76' lang='lat' dir='ltr'><strong>cendone</strong></span> <span class='ocrx_word' id='word_1_544' title='bbox 352 3142 472 3213; x_wconf 82' lang='lat' dir='ltr'><strong>synodali</strong></span> <span class='ocrx_word' id='word_1_545' title='bbox 495 3140 584 3193; x_wconf 89' lang='lat' dir='ltr'><strong>edicto</strong></span> <span class='ocrx_word' id='word_1_546' title='bbox 607 3138 657 3192; x_wconf 91' lang='lat' dir='ltr'><strong>suh</strong></span> <span class='ocrx_word' id='word_1_547' title='bbox 681 3139 911 3193; x_wconf 87' lang='lat' dir='ltr'><strong>condemnationis</strong></span> <span class='ocrx_word' id='word_1_548' title='bbox 928 3153 1006 3207; x_wconf 88' lang='lat' dir='ltr'><strong>poena</strong></span> <span class='ocrx_word' id='word_1_549' title='bbox 1021 3136 1044 3200; x_wconf 77' lang='lat' dir='ltr'><strong>G</strong></span> <span class='ocrx_word' id='word_1_550' title='bbox 1060 3141 1191 3195; x_wconf 82' lang='lat' dir='ltr'><strong>hretiario</strong></span> <span class='ocrx_word' id='word_1_551' title='bbox 1217 3154 1268 3194; x_wconf 91' lang='lat' dir='ltr'><strong>ms.</strong></span> <span class='ocrx_word' id='word_1_552' title='bbox 1302 3142 1456 3196; x_wconf 85' lang='lat' dir='ltr'><strong>monasterii</strong></span> <span class='ocrx_word' id='word_1_553' title='bbox 1476 3140 1628 3196; x_wconf 80' lang='lat' dir='ltr'><strong>Casinensis</strong></span> <span class='ocrx_word' id='word_1_554' title='bbox 1652 3149 1841 3207; x_wconf 80' lang='lat' dir='ltr'><strong>sexcentqrnm</strong></span> 
     </span>
     <span class='ocr_line' id='line_1_42' title="bbox 226 3207 1841 3288; baseline -0.006 -18"><span class='ocrx_word' id='word_1_555' title='bbox 226 3218 411 3287; x_wconf 75' lang='lat' dir='ltr'><strong>preciperetur,</strong></span> <span class='ocrx_word' id='word_1_556' title='bbox 428 3211 509 3264; x_wconf 86' lang='lat' dir='ltr'><strong>immo</strong></span> <span class='ocrx_word' id='word_1_557' title='bbox 519 3217 546 3263; x_wconf 90' lang='lat' dir='ltr'><strong>ct</strong></span> <span class='ocrx_word' id='word_1_558' title='bbox 560 3208 632 3288; x_wconf 86' lang='lat' dir='ltr'><strong>illam</strong></span> <span class='ocrx_word' id='word_1_559' title='bbox 647 3221 662 3259; x_wconf 92' lang='lat' dir='ltr'><strong>e</strong></span> <span class='ocrx_word' id='word_1_560' title='bbox 678 3207 784 3274; x_wconf 80' lang='lat' dir='ltr'><strong>regione</strong></span> <span class='ocrx_word' id='word_1_561' title='bbox 801 3220 862 3262; x_wconf 89' lang='lat' dir='ltr'><strong>cum</strong></span> <span class='ocrx_word' id='word_1_562' title='bbox 884 3209 1008 3278; x_wconf 85' lang='lat' dir='ltr'><strong>symbolo</strong></span> <span class='ocrx_word' id='word_1_563' title='bbox 1061 3208 1366 3280; x_wconf 72' lang='lat' dir='ltr'><strong>romannorumdequn</strong></span> <span class='ocrx_word' id='word_1_564' title='bbox 1380 3209 1492 3265; x_wconf 89' lang='lat' dir='ltr'><strong>inlerius</strong></span> <span class='ocrx_word' id='word_1_565' title='bbox 1506 3212 1600 3266; x_wconf 88' lang='lat' dir='ltr'><strong>dicturi</strong></span> <span class='ocrx_word' id='word_1_566' title='bbox 1616 3224 1719 3271; x_wconf 81' lang='lat' dir='ltr'><strong>sumus,</strong></span> <span class='ocrx_word' id='word_1_567' title='bbox 1732 3218 1760 3265; x_wconf 89' lang='lat' dir='ltr'><strong>et</strong></span> <span class='ocrx_word' id='word_1_568' title='bbox 1773 3210 1841 3264; x_wconf 90' lang='lat' dir='ltr'><strong>aiihi.</strong></span> 
     </span>
     <span class='ocr_line' id='line_1_43' title="bbox 225 3276 1841 3354; baseline -0.004 -16"><span class='ocrx_word' id='word_1_569' title='bbox 225 3285 374 3354; x_wconf 87' lang='lat' dir='ltr'><strong>apostolico</strong></span> <span class='ocrx_word' id='word_1_570' title='bbox 387 3290 528 3350; x_wconf 88' lang='lat' dir='ltr'><strong>ponerent,</strong></span> <span class='ocrx_word' id='word_1_571' title='bbox 544 3280 595 3332; x_wconf 91' lang='lat' dir='ltr'><strong>nist</strong></span> <span class='ocrx_word' id='word_1_572' title='bbox 610 3278 664 3345; x_wconf 84' lang='lat' dir='ltr'><strong>jam</strong></span> <span class='ocrx_word' id='word_1_573' title='bbox 679 3276 757 3342; x_wconf 64' lang='lat' dir='ltr'><strong>lungo</strong></span> <span class='ocrx_word' id='word_1_574' title='bbox 768 3291 817 3330; x_wconf 91' lang='lat' dir='ltr'><strong>usu</strong></span> <span class='ocrx_word' id='word_1_575' title='bbox 832 3288 949 3346; x_wconf 85' lang='lat' dir='ltr'><strong>recepta,</strong></span> <span class='ocrx_word' id='word_1_576' title='bbox 964 3293 1009 3348; x_wconf 89' lang='lat' dir='ltr'><strong>ap·</strong></span> <span class='ocrx_word' id='word_1_577' title='bbox 1059 3278 1264 3349; x_wconf 82' lang='lat' dir='ltr'><strong>(lenulnttmquc</strong></span> <span class='ocrx_word' id='word_1_578' title='bbox 1275 3294 1335 3335; x_wconf 85' lang='lat' dir='ltr'><strong>esse</strong></span> <span class='ocrx_word' id='word_1_579' title='bbox 1348 3281 1440 3348; x_wconf 89' lang='lat' dir='ltr'><strong>scripti</strong></span> <span class='ocrx_word' id='word_1_580' title='bbox 1452 3281 1644 3349; x_wconf 83' lang='lat' dir='ltr'><strong>hujustituium</strong></span> <span class='ocrx_word' id='word_1_581' title='bbox 1656 3280 1772 3348; x_wconf 86' lang='lat' dir='ltr'><strong>prohartt</strong></span> <span class='ocrx_word' id='word_1_582' title='bbox 1786 3293 1841 3332; x_wconf 80' lang='lat' dir='ltr'><strong>ter·</strong></span> 
     </span>
     <span class='ocr_line' id='line_1_44' title="bbox 227 3346 1844 3426; baseline -0.001 -21"><span class='ocrx_word' id='word_1_583' title='bbox 227 3354 348 3426; x_wconf 83' lang='lat' dir='ltr'><strong>proltam,</strong></span> <span class='ocrx_word' id='word_1_584' title='bbox 362 3362 389 3406; x_wconf 90' lang='lat' dir='ltr'><strong>et</strong></span> <span class='ocrx_word' id='word_1_585' title='bbox 403 3353 473 3407; x_wconf 89' lang='lat' dir='ltr'><strong>inter</strong></span> <span class='ocrx_word' id='word_1_586' title='bbox 486 3362 627 3418; x_wconf 82' lang='lat' dir='ltr'><strong>germanas</strong></span> <span class='ocrx_word' id='word_1_587' title='bbox 638 3348 726 3416; x_wconf 88' lang='lat' dir='ltr'><strong>magui</strong></span> <span class='ocrx_word' id='word_1_588' title='bbox 739 3346 877 3401; x_wconf 80' lang='lat' dir='ltr'><strong>Athanasii</strong></span> <span class='ocrx_word' id='word_1_589' title='bbox 887 3348 1010 3402; x_wconf 89' lang='lat' dir='ltr'><strong>lucuhra-</strong></span> <span class='ocrx_word' id='word_1_590' title='bbox 1059 3352 1148 3405; x_wconf 80' lang='lat' dir='ltr'><strong>aiones</strong></span> <span class='ocrx_word' id='word_1_591' title='bbox 1163 3350 1274 3412; x_wconf 76' lang='lat' dir='ltr'><strong>Graecas,</strong></span> <span class='ocrx_word' id='word_1_592' title='bbox 1295 3350 1321 3404; x_wconf 91' lang='lat' dir='ltr'><strong>in</strong></span> <span class='ocrx_word' id='word_1_593' title='bbox 1336 3351 1432 3419; x_wconf 88' lang='lat' dir='ltr'><strong>quihus</strong></span> <span class='ocrx_word' id='word_1_594' title='bbox 1450 3351 1597 3421; x_wconf 85' lang='lat' dir='ltr'><strong>appellatur</strong></span> <span class='ocrx_word' id='word_1_595' title='bbox 1610 3348 1718 3411; x_wconf 66' lang='lat' dir='ltr'><strong>falcone,</strong></span> <span class='ocrx_word' id='word_1_596' title='bbox 1735 3350 1776 3404; x_wconf 79' lang='lat' dir='ltr'><strong>rei</strong></span> <span class='ocrx_word' id='word_1_597' title='bbox 1789 3348 1844 3420; x_wconf 79' lang='lat' dir='ltr'><strong>ipo-</strong></span> 
     </span>
     <span class='ocr_line' id='line_1_45' title="bbox 228 3416 1844 3492; baseline -0.003 -14"><span class='ocrx_word' id='word_1_598' title='bbox 228 3426 315 3480; x_wconf 80' lang='lat' dir='ltr'><strong>t&#39;tonrs</strong></span> <span class='ocrx_word' id='word_1_599' title='bbox 328 3431 467 3476; x_wconf 86' lang='lat' dir='ltr'><strong>ttttnterala</strong></span> <span class='ocrx_word' id='word_1_600' title='bbox 481 3420 593 3481; x_wconf 84' lang='lat' dir='ltr'><strong>luissel;</strong></span> <span class='ocrx_word' id='word_1_601' title='bbox 608 3416 678 3486; x_wconf 86' lang='lat' dir='ltr'><strong>quod</strong></span> <span class='ocrx_word' id='word_1_602' title='bbox 694 3416 744 3470; x_wconf 84' lang='lat' dir='ltr'><strong>ttisl</strong></span> <span class='ocrx_word' id='word_1_603' title='bbox 759 3426 820 3486; x_wconf 82' lang='lat' dir='ltr'><strong>pust</strong></span> <span class='ocrx_word' id='word_1_604' title='bbox 830 3416 1008 3487; x_wconf 83' lang='lat' dir='ltr'><strong>plurimorum</strong></span> <span class='ocrx_word' id='word_1_605' title='bbox 1058 3419 1130 3492; x_wconf 78' lang='lat' dir='ltr'><strong>Aspia</strong></span> <span class='ocrx_word' id='word_1_606' title='bbox 1141 3430 1187 3481; x_wconf 78' lang='lat' dir='ltr'><strong>ric</strong></span> <span class='ocrx_word' id='word_1_607' title='bbox 1201 3421 1330 3481; x_wconf 68' lang='lat' dir='ltr'><strong>teudoleni:</strong></span> <span class='ocrx_word' id='word_1_608' title='bbox 1350 3423 1472 3483; x_wconf 77' lang='grc' dir='ltr'><strong>πίστεως,</strong></span> <span class='ocrx_word' id='word_1_609' title='bbox 1495 3422 1536 3475; x_wconf 83' lang='lat' dir='ltr'><strong>rel</strong></span> <span class='ocrx_word' id='word_1_610' title='bbox 1560 3424 1620 3491; x_wconf 79' lang='lat' dir='ltr'><strong>napi</strong></span> <span class='ocrx_word' id='word_1_611' title='bbox 1642 3422 1757 3480; x_wconf 73' lang='lat' dir='ltr'><strong>nicetem</strong></span> <span class='ocrx_word' id='word_1_612' title='bbox 1782 3416 1844 3475; x_wconf 71' lang='grc' dir='ltr'><strong>κατά</strong></span> 
     </span>
    </p>
   </div>
   <div class='ocr_carea' id='block_1_5' title="bbox 226 3488 1888 3754">
    <p class='ocr_par' dir='ltr' id='par_1_7' title="bbox 226 3488 1888 3754">
     <span class='ocr_line' id='line_1_46' title="bbox 226 3488 1844 3571; baseline -0.005 -23"><span class='ocrx_word' id='word_1_613' title='bbox 226 3508 357 3548; x_wconf 86' lang='lat' dir='ltr'><strong>nortorum</strong></span> <span class='ocrx_word' id='word_1_614' title='bbox 375 3490 472 3545; x_wconf 83' lang='lat' dir='ltr'><strong>seriem</strong></span> <span class='ocrx_word' id='word_1_615' title='bbox 484 3490 542 3543; x_wconf 84' lang='lat' dir='ltr'><strong>lieri</strong></span> <span class='ocrx_word' id='word_1_616' title='bbox 555 3490 597 3568; x_wconf 73' lang='lat' dir='ltr'><strong>vix</strong></span> <span class='ocrx_word' id='word_1_617' title='bbox 613 3488 708 3567; x_wconf 78' lang='lat' dir='ltr'><strong>potuit.</strong></span> <span class='ocrx_word' id='word_1_618' title='bbox 1059 3494 1211 3570; x_wconf 68' lang='lat' dir='ltr'><strong>cenapium</strong></span> <span class='ocrx_word' id='word_1_619' title='bbox 1222 3491 1272 3544; x_wconf 94' lang='lat' dir='ltr'><strong>hoc</strong></span> <span class='ocrx_word' id='word_1_620' title='bbox 1286 3497 1452 3571; x_wconf 86' lang='lat' dir='ltr'><strong>postremum</strong></span> <span class='ocrx_word' id='word_1_621' title='bbox 1468 3491 1548 3544; x_wconf 80' lang='lat' dir='ltr'><strong>lrrhet</strong></span> <span class='ocrx_word' id='word_1_622' title='bbox 1559 3488 1710 3561; x_wconf 87' lang='lat' dir='ltr'><strong>syntholnm</strong></span> <span class='ocrx_word' id='word_1_623' title='bbox 1730 3490 1844 3543; x_wconf 87' lang='lat' dir='ltr'><strong>Athana·</strong></span> 
     </span>
     <span class='ocr_line' id='line_1_47' title="bbox 261 3556 1888 3629; baseline -0.004 -12"><span class='ocrx_word' id='word_1_624' title='bbox 261 3564 329 3617; x_wconf 87' lang='lat' dir='ltr'><strong>lllll.</strong></span> <span class='ocrx_word' id='word_1_625' title='bbox 344 3563 400 3629; x_wconf 84' lang='lat' dir='ltr'><strong>Quo</strong></span> <span class='ocrx_word' id='word_1_626' title='bbox 412 3566 654 3628; x_wconf 85' lang='lat' dir='ltr'><strong>retttporescnptuut</strong></span> <span class='ocrx_word' id='word_1_627' title='bbox 667 3559 765 3611; x_wconf 81' lang='lat' dir='ltr'><strong>ardetur</strong></span> <span class='ocrx_word' id='word_1_628' title='bbox 775 3557 917 3627; x_wconf 81' lang='lat' dir='ltr'><strong>symioiutn</strong></span> <span class='ocrx_word' id='word_1_629' title='bbox 929 3558 1010 3612; x_wconf 89' lang='lat' dir='ltr'><strong>Atho·</strong></span> <span class='ocrx_word' id='word_1_630' title='bbox 1060 3572 1082 3612; x_wconf 82' lang='grc' dir='ltr'><strong>ιι</strong></span> <span class='ocrx_word' id='word_1_631' title='bbox 1101 3575 1164 3615; x_wconf 92' lang='lat' dir='ltr'><strong>num</strong></span> <span class='ocrx_word' id='word_1_632' title='bbox 1178 3575 1193 3613; x_wconf 91' lang='grc' dir='ltr'><strong>ιι</strong></span> <span class='ocrx_word' id='word_1_633' title='bbox 1208 3560 1309 3614; x_wconf 82' lang='lat' dir='ltr'><strong>Grmcts</strong></span> <span class='ocrx_word' id='word_1_634' title='bbox 1322 3558 1522 3627; x_wconf 82' lang='lat' dir='ltr'><strong>interpolatum,</strong></span> <span class='ocrx_word' id='word_1_635' title='bbox 1534 3574 1548 3613; x_wconf 89' lang='lat' dir='ltr'><strong>a</strong></span> <span class='ocrx_word' id='word_1_636' title='bbox 1559 3559 1658 3613; x_wconf 88' lang='lat' dir='ltr'><strong>laccho</strong></span> <span class='ocrx_word' id='word_1_637' title='bbox 1673 3556 1783 3614; x_wconf 86' lang='lat' dir='ltr'><strong>llsserio</strong></span> <span class='ocrx_word' id='word_1_638' title='bbox 1792 3558 1845 3612; x_wconf 90' lang='lat' dir='ltr'><strong>edi-</strong></span> <span class='ocrx_word' id='word_1_639' title='bbox 1885 3595 1888 3601; x_wconf 72' lang='lat'><strong>.</strong></span> 
     </span>
     <span class='ocr_line' id='line_1_48' title="bbox 226 3626 1845 3754; baseline -0.004 -65"><span class='ocrx_word' id='word_1_640' title='bbox 226 3636 369 3689; x_wconf 82' lang='lat' dir='ltr'><strong>notionum.</strong></span> <span class='ocrx_word' id='word_1_641' title='bbox 382 3660 418 3670; x_wconf 90' lang='lat'>-</span> <span class='ocrx_word' id='word_1_642' title='bbox 432 3632 459 3685; x_wconf 78' lang='lat'><strong>5.</strong></span> <span class='ocrx_word' id='word_1_643' title='bbox 480 3629 549 3684; x_wconf 89' lang='lat' dir='ltr'><strong>llioc</strong></span> <span class='ocrx_word' id='word_1_644' title='bbox 562 3626 682 3694; x_wconf 86' lang='lat' dir='ltr'><strong>sequitur</strong></span> <span class='ocrx_word' id='word_1_645' title='bbox 709 3628 766 3695; x_wconf 78' lang='lat' dir='ltr'><strong>ejus</strong></span> <span class='ocrx_word' id='word_1_646' title='bbox 792 3638 928 3683; x_wconf 85' lang='lat' dir='ltr'><strong>auctorem</strong></span> <span class='ocrx_word' id='word_1_647' title='bbox 955 3644 1009 3682; x_wconf 92' lang='lat' dir='ltr'><strong>nott</strong></span> <span class='ocrx_word' id='word_1_648' title='bbox 1061 3638 1116 3681; x_wconf 92' lang='lat' dir='ltr'><strong>tum</strong></span> <span class='ocrx_word' id='word_1_649' title='bbox 1133 3647 1140 3683; x_wconf 91' lang='lat'><strong>:</strong></span> <span class='ocrx_word' id='word_1_650' title='bbox 1156 3628 1388 3754; x_wconf 55' lang='lat' dir='ltr'><strong>suctorcsymriter</strong></span> <span class='ocrx_word' id='word_1_651' title='bbox 1401 3628 1487 3683; x_wconf 87' lang='lat' dir='ltr'><strong>Latini</strong></span> <span class='ocrx_word' id='word_1_652' title='bbox 1503 3629 1565 3683; x_wconf 87' lang='lat' dir='ltr'><strong>illud</strong></span> <span class='ocrx_word' id='word_1_653' title='bbox 1579 3627 1776 3695; x_wconf 81' lang='lat' dir='ltr'><strong>expositionem</strong></span> <span class='ocrx_word' id='word_1_654' title='bbox 1788 3627 1845 3683; x_wconf 88' lang='lat' dir='ltr'><strong>lidei</strong></span> 
     </span>
    </p>
   </div>
   <div class='ocr_carea' id='block_1_6' title="bbox 193 3697 1848 5306">
    <p class='ocr_par' dir='ltr' id='par_1_8' title="bbox 226 3697 1846 4050">
     <span class='ocr_line' id='line_1_49' title="bbox 226 3697 1843 3767; baseline -0.005 -9"><span class='ocrx_word' id='word_1_655' title='bbox 226 3697 753 3763; x_wconf 71' lang='lat' dir='ltr'><strong>estrocenttumlerenuuotumillorum</strong></span> <span class='ocrx_word' id='word_1_656' title='bbox 777 3699 892 3765; x_wconf 89' lang='lat' dir='ltr'><strong>spatium</strong></span> <span class='ocrx_word' id='word_1_657' title='bbox 918 3700 1010 3767; x_wconf 88' lang='lat' dir='ltr'><strong>requi·</strong></span> <span class='ocrx_word' id='word_1_658' title='bbox 1060 3698 1101 3753; x_wconf 86' lang='lat' dir='ltr'><strong>rcl</strong></span> <span class='ocrx_word' id='word_1_659' title='bbox 1116 3713 1267 3754; x_wconf 89' lang='lat' dir='ltr'><strong>sermonem</strong></span> <span class='ocrx_word' id='word_1_660' title='bbox 1301 3697 1573 3753; x_wconf 87' lang='lat' dir='ltr'><strong>eildeiuscrilmut:</strong></span> <span class='ocrx_word' id='word_1_661' title='bbox 1591 3700 1745 3767; x_wconf 89' lang='lat' dir='ltr'><strong>interqttos</strong></span> <span class='ocrx_word' id='word_1_662' title='bbox 1768 3697 1843 3751; x_wconf 90' lang='lat' dir='ltr'><strong>lliuc·</strong></span> 
     </span>
     <span class='ocr_line' id='line_1_50' title="bbox 226 3764 1846 3838; baseline -0.004 -12"><span class='ocrx_word' id='word_1_663' title='bbox 226 3774 339 3826; x_wconf 87' lang='lat' dir='ltr'><strong>rendum</strong></span> <span class='ocrx_word' id='word_1_664' title='bbox 358 3784 418 3824; x_wconf 90' lang='lat' dir='ltr'><strong>esse</strong></span> <span class='ocrx_word' id='word_1_665' title='bbox 432 3771 477 3838; x_wconf 91' lang='lat' dir='ltr'><strong>qui</strong></span> <span class='ocrx_word' id='word_1_666' title='bbox 491 3769 524 3823; x_wconf 90' lang='lat' dir='ltr'><strong>ah</strong></span> <span class='ocrx_word' id='word_1_667' title='bbox 538 3767 620 3821; x_wconf 88' lang='lat' dir='ltr'><strong>ililari</strong></span> <span class='ocrx_word' id='word_1_668' title='bbox 637 3781 710 3834; x_wconf 75' lang='lat' dir='ltr'><strong>papae</strong></span> <span class='ocrx_word' id='word_1_669' title='bbox 729 3768 826 3821; x_wconf 80' lang='lat' dir='ltr'><strong>Leonis</strong></span> <span class='ocrx_word' id='word_1_670' title='bbox 846 3768 1010 3822; x_wconf 80' lang='lat' dir='ltr'><strong>successoris</strong></span> <span class='ocrx_word' id='word_1_671' title='bbox 1061 3783 1151 3823; x_wconf 88' lang='lat' dir='ltr'><strong>marus</strong></span> <span class='ocrx_word' id='word_1_672' title='bbox 1165 3767 1286 3835; x_wconf 89' lang='lat' dir='ltr'><strong>archiep.</strong></span> <span class='ocrx_word' id='word_1_673' title='bbox 1314 3767 1464 3822; x_wconf 83' lang='lat' dir='ltr'><strong>Remensis.</strong></span> <span class='ocrx_word' id='word_1_674' title='bbox 1488 3764 1567 3838; x_wconf 56' lang='lat'><strong>921</strong></span> <span class='ocrx_word' id='word_1_675' title='bbox 1582 3766 1655 3821; x_wconf 79' lang='lat' dir='ltr'><strong>Enoc</strong></span> <span class='ocrx_word' id='word_1_676' title='bbox 1675 3777 1766 3821; x_wconf 86' lang='lat' dir='ltr'><strong>autem</strong></span> <span class='ocrx_word' id='word_1_677' title='bbox 1790 3780 1846 3823; x_wconf 87' lang='lat' dir='ltr'><strong>essu</strong></span> 
     </span>
     <span class='ocr_line' id='line_1_51' title="bbox 228 3836 1845 3911; baseline -0.003 -17"><span class='ocrx_word' id='word_1_678' title='bbox 228 3842 381 3911; x_wconf 89' lang='lat' dir='ltr'><strong>pontiticattt</strong></span> <span class='ocrx_word' id='word_1_679' title='bbox 402 3837 527 3907; x_wconf 86' lang='lat' dir='ltr'><strong>ttsquead</strong></span> <span class='ocrx_word' id='word_1_680' title='bbox 544 3838 622 3891; x_wconf 89' lang='lat' dir='ltr'><strong>linem</strong></span> <span class='ocrx_word' id='word_1_681' title='bbox 643 3838 710 3890; x_wconf 86' lang='lat' dir='ltr'><strong>sesti</strong></span> <span class='ocrx_word' id='word_1_682' title='bbox 731 3838 821 3891; x_wconf 80' lang='lat' dir='ltr'><strong>saculi</strong></span> <span class='ocrx_word' id='word_1_683' title='bbox 839 3837 882 3891; x_wconf 88' lang='lat' dir='ltr'><strong>rel</strong></span> <span class='ocrx_word' id='word_1_684' title='bbox 902 3839 1009 3907; x_wconf 88' lang='lat' dir='ltr'><strong>septimi</strong></span> <span class='ocrx_word' id='word_1_685' title='bbox 1061 3839 1199 3893; x_wconf 81' lang='lat' dir='ltr'><strong>Athanasii</strong></span> <span class='ocrx_word' id='word_1_686' title='bbox 1212 3838 1302 3902; x_wconf 85' lang='lat' dir='ltr'><strong>iidem,</strong></span> <span class='ocrx_word' id='word_1_687' title='bbox 1317 3852 1376 3906; x_wconf 78' lang='lat' dir='ltr'><strong>qum</strong></span> <span class='ocrx_word' id='word_1_688' title='bbox 1391 3836 1442 3892; x_wconf 92' lang='lat' dir='ltr'><strong>hoc</strong></span> <span class='ocrx_word' id='word_1_689' title='bbox 1456 3840 1579 3907; x_wconf 90' lang='lat' dir='ltr'><strong>sytuholo</strong></span> <span class='ocrx_word' id='word_1_690' title='bbox 1591 3841 1756 3898; x_wconf 85' lang='lat' dir='ltr'><strong>continetur,</strong></span> <span class='ocrx_word' id='word_1_691' title='bbox 1772 3851 1845 3891; x_wconf 89' lang='lat' dir='ltr'><strong>uento</strong></span> 
     </span>
     <span class='ocr_line' id='line_1_52' title="bbox 227 3906 1845 3978; baseline -0.005 -11"><span class='ocrx_word' id='word_1_692' title='bbox 227 3913 330 3967; x_wconf 90' lang='lat' dir='ltr'><strong>initium</strong></span> <span class='ocrx_word' id='word_1_693' title='bbox 345 3910 427 3978; x_wconf 85' lang='lat' dir='ltr'><strong>clapsi</strong></span> <span class='ocrx_word' id='word_1_694' title='bbox 440 3917 512 3964; x_wconf 89' lang='lat' dir='ltr'><strong>suot.</strong></span> <span class='ocrx_word' id='word_1_695' title='bbox 526 3906 704 3974; x_wconf 83' lang='lat' dir='ltr'><strong>litseragiuta</strong></span> <span class='ocrx_word' id='word_1_696' title='bbox 719 3907 760 3959; x_wconf 86' lang='lat' dir='ltr'><strong>rel</strong></span> <span class='ocrx_word' id='word_1_697' title='bbox 770 3907 936 3976; x_wconf 78' lang='lat' dir='ltr'><strong>septuaginta</strong></span> <span class='ocrx_word' id='word_1_698' title='bbox 948 3916 1010 3963; x_wconf 90' lang='lat' dir='ltr'><strong>ante</strong></span> <span class='ocrx_word' id='word_1_699' title='bbox 1061 3908 1163 3962; x_wconf 86' lang='lat' dir='ltr'><strong>inlicias</strong></span> <span class='ocrx_word' id='word_1_700' title='bbox 1188 3909 1258 3975; x_wconf 89' lang='lat' dir='ltr'><strong>ierit,</strong></span> <span class='ocrx_word' id='word_1_701' title='bbox 1283 3912 1327 3978; x_wconf 91' lang='lat' dir='ltr'><strong>qni</strong></span> <span class='ocrx_word' id='word_1_702' title='bbox 1342 3906 1405 3976; x_wconf 92' lang='lat' dir='ltr'><strong>quid</strong></span> <span class='ocrx_word' id='word_1_703' title='bbox 1417 3922 1449 3961; x_wconf 85' lang='lat' dir='ltr'><strong>m</strong></span> <span class='ocrx_word' id='word_1_704' title='bbox 1474 3906 1645 3962; x_wconf 82' lang='lat' dir='ltr'><strong>Athanaslutn</strong></span> <span class='ocrx_word' id='word_1_705' title='bbox 1662 3908 1808 3961; x_wconf 81' lang='lat' dir='ltr'><strong>crediderit</strong></span> <span class='ocrx_word' id='word_1_706' title='bbox 1831 3924 1845 3957; x_wconf 85' lang='lat' dir='ltr'><strong>a</strong></span> 
     </span>
     <span class='ocr_line' id='line_1_53' title="bbox 227 3975 1500 4050; baseline -0.005 -14"><span class='ocrx_word' id='word_1_707' title='bbox 227 3981 359 4050; x_wconf 84' lang='lat' dir='ltr'><strong>synodum</strong></span> <span class='ocrx_word' id='word_1_708' title='bbox 375 3977 639 4047; x_wconf 76' lang='lat' dir='ltr'><strong>August-donemuth</strong></span> <span class='ocrx_word' id='word_1_709' title='bbox 651 3976 714 4029; x_wconf 87' lang='lat' dir='ltr'><strong>antri</strong></span> <span class='ocrx_word' id='word_1_710' title='bbox 726 3975 874 4044; x_wconf 68' lang='lat' dir='ltr'><strong>evulgando</strong></span> <span class='ocrx_word' id='word_1_711' title='bbox 888 3980 1010 4045; x_wconf 80' lang='lat' dir='ltr'><strong>symbolo</strong></span> <span class='ocrx_word' id='word_1_712' title='bbox 1061 3979 1194 4032; x_wconf 82' lang='lat' dir='ltr'><strong>catholica</strong></span> <span class='ocrx_word' id='word_1_713' title='bbox 1212 3978 1265 4031; x_wconf 89' lang='lat' dir='ltr'><strong>lide</strong></span> <span class='ocrx_word' id='word_1_714' title='bbox 1278 3993 1331 4031; x_wconf 92' lang='lat' dir='ltr'><strong>nou</strong></span> <span class='ocrx_word' id='word_1_715' title='bbox 1346 3978 1500 4032; x_wconf 83' lang='lat' dir='ltr'><strong>recessisse.</strong></span> 
     </span>
    </p>

    <p class='ocr_par' dir='ltr' id='par_1_9' title="bbox 193 4045 1848 5306">
     <span class='ocr_line' id='line_1_54' title="bbox 227 4045 1844 4119; baseline -0.004 -15"><span class='ocrx_word' id='word_1_716' title='bbox 227 4051 335 4115; x_wconf 85' lang='lat' dir='ltr'><strong>dentur,</strong></span> <span class='ocrx_word' id='word_1_717' title='bbox 350 4049 461 4119; x_wconf 85' lang='lat' dir='ltr'><strong>ejusque</strong></span> <span class='ocrx_word' id='word_1_718' title='bbox 474 4046 627 4102; x_wconf 84' lang='lat' dir='ltr'><strong>auctoritati</strong></span> <span class='ocrx_word' id='word_1_719' title='bbox 640 4060 686 4111; x_wconf 90' lang='lat' dir='ltr'><strong>per</strong></span> <span class='ocrx_word' id='word_1_720' title='bbox 699 4060 793 4099; x_wconf 88' lang='lat' dir='ltr'><strong>omnes</strong></span> <span class='ocrx_word' id='word_1_721' title='bbox 808 4046 942 4100; x_wconf 86' lang='lat' dir='ltr'><strong>Ecclesias</strong></span> <span class='ocrx_word' id='word_1_722' title='bbox 955 4054 1011 4100; x_wconf 89' lang='lat' dir='ltr'><strong>sta·</strong></span> <span class='ocrx_word' id='word_1_723' title='bbox 1097 4048 1154 4101; x_wconf 86' lang='lat' dir='ltr'><strong>xv.</strong></span> <span class='ocrx_word' id='word_1_724' title='bbox 1167 4047 1219 4103; x_wconf 85' lang='lat' dir='ltr'><strong>Cur</strong></span> <span class='ocrx_word' id='word_1_725' title='bbox 1234 4047 1279 4101; x_wconf 82' lang='lat' dir='ltr'><strong>salt</strong></span> <span class='ocrx_word' id='word_1_726' title='bbox 1293 4047 1376 4101; x_wconf 87' lang='lat' dir='ltr'><strong>alieno</strong></span> <span class='ocrx_word' id='word_1_727' title='bbox 1385 4047 1487 4101; x_wconf 82' lang='lat' dir='ltr'><strong>nostine</strong></span> <span class='ocrx_word' id='word_1_728' title='bbox 1499 4045 1662 4114; x_wconf 84' lang='lat' dir='ltr'><strong>euulpotnrn?</strong></span> <span class='ocrx_word' id='word_1_729' title='bbox 1675 4073 1711 4085; x_wconf 90' lang='lat'>-</span> <span class='ocrx_word' id='word_1_730' title='bbox 1725 4045 1777 4099; x_wconf 71' lang='lat' dir='ltr'><strong>Srtd</strong></span> <span class='ocrx_word' id='word_1_731' title='bbox 1788 4058 1844 4107; x_wconf 86' lang='lat' dir='ltr'><strong>cnr,</strong></span> 
     </span>
     <span class='ocr_line' id='line_1_55' title="bbox 228 4115 1846 4189; baseline -0.002 -15"><span class='ocrx_word' id='word_1_732' title='bbox 228 4121 370 4175; x_wconf 78' lang='lat' dir='ltr'><strong>hiltendre:</strong></span> <span class='ocrx_word' id='word_1_733' title='bbox 387 4119 534 4189; x_wconf 75' lang='lat' dir='ltr'><strong>presertim</strong></span> <span class='ocrx_word' id='word_1_734' title='bbox 548 4131 607 4169; x_wconf 90' lang='lat' dir='ltr'><strong>cutn</strong></span> <span class='ocrx_word' id='word_1_735' title='bbox 620 4115 770 4182; x_wconf 82' lang='lat' dir='ltr'><strong>hujusmodi</strong></span> <span class='ocrx_word' id='word_1_736' title='bbox 786 4131 906 4175; x_wconf 82' lang='lat' dir='ltr'><strong>concites.</strong></span> <span class='ocrx_word' id='word_1_737' title='bbox 922 4119 1009 4186; x_wconf 82' lang='lat' dir='ltr'><strong>Anqu-</strong></span> <span class='ocrx_word' id='word_1_738' title='bbox 1062 4118 1175 4185; x_wconf 84' lang='lat' dir='ltr'><strong>inquies.</strong></span> <span class='ocrx_word' id='word_1_739' title='bbox 1199 4126 1293 4171; x_wconf 84' lang='lat' dir='ltr'><strong>auctor</strong></span> <span class='ocrx_word' id='word_1_740' title='bbox 1318 4116 1465 4171; x_wconf 89' lang='lat' dir='ltr'><strong>catitolictts</strong></span> <span class='ocrx_word' id='word_1_741' title='bbox 1485 4117 1572 4169; x_wconf 83' lang='lat' dir='ltr'><strong>alieno</strong></span> <span class='ocrx_word' id='word_1_742' title='bbox 1586 4116 1704 4179; x_wconf 81' lang='lat' dir='ltr'><strong>trontius,</strong></span> <span class='ocrx_word' id='word_1_743' title='bbox 1723 4130 1776 4168; x_wconf 83' lang='lat' dir='ltr'><strong>non</strong></span> <span class='ocrx_word' id='word_1_744' title='bbox 1791 4130 1846 4171; x_wconf 85' lang='lat' dir='ltr'><strong>suo.</strong></span> 
     </span>
     <span class='ocr_line' id='line_1_56' title="bbox 227 4184 1846 4257; baseline -0.006 -13"><span class='ocrx_word' id='word_1_745' title='bbox 227 4192 391 4245; x_wconf 87' lang='lat' dir='ltr'><strong>stodnnenses</strong></span> <span class='ocrx_word' id='word_1_746' title='bbox 405 4188 487 4241; x_wconf 82' lang='lat' dir='ltr'><strong>suncti</strong></span> <span class='ocrx_word' id='word_1_747' title='bbox 502 4186 652 4255; x_wconf 77' lang='lat' dir='ltr'><strong>Leodepttrii</strong></span> <span class='ocrx_word' id='word_1_748' title='bbox 664 4187 773 4254; x_wconf 85' lang='lat' dir='ltr'><strong>episcopi</strong></span> <span class='ocrx_word' id='word_1_749' title='bbox 787 4186 861 4250; x_wconf 87' lang='lat' dir='ltr'><strong>tiicti,</strong></span> <span class='ocrx_word' id='word_1_750' title='bbox 877 4188 973 4256; x_wconf 87' lang='lat' dir='ltr'><strong>quihus</strong></span> <span class='ocrx_word' id='word_1_751' title='bbox 983 4197 1012 4241; x_wconf 88' lang='lat' dir='ltr'><strong>et</strong></span> <span class='ocrx_word' id='word_1_752' title='bbox 1062 4202 1129 4257; x_wconf 87' lang='lat' dir='ltr'><strong>opus</strong></span> <span class='ocrx_word' id='word_1_753' title='bbox 1144 4201 1220 4242; x_wconf 88' lang='lat' dir='ltr'><strong>suum</strong></span> <span class='ocrx_word' id='word_1_754' title='bbox 1234 4186 1390 4256; x_wconf 73' lang='lat' dir='ltr'><strong>inscripsit?</strong></span> <span class='ocrx_word' id='word_1_755' title='bbox 1405 4185 1472 4240; x_wconf 83' lang='lat' dir='ltr'><strong>Dum</strong></span> <span class='ocrx_word' id='word_1_756' title='bbox 1494 4186 1566 4240; x_wconf 89' lang='lat' dir='ltr'><strong>cuim</strong></span> <span class='ocrx_word' id='word_1_757' title='bbox 1578 4184 1718 4238; x_wconf 87' lang='lat' dir='ltr'><strong>Athanasii</strong></span> <span class='ocrx_word' id='word_1_758' title='bbox 1730 4184 1846 4238; x_wconf 78' lang='lat' dir='ltr'><strong>nornin-</strong></span> 
     </span>
     <span class='ocr_line' id='line_1_57' title="bbox 228 4251 1845 4331; baseline -0.007 -15"><span class='ocrx_word' id='word_1_759' title='bbox 228 4261 327 4331; x_wconf 90' lang='lat' dir='ltr'><strong>illequi</strong></span> <span class='ocrx_word' id='word_1_760' title='bbox 340 4260 375 4314; x_wconf 91' lang='lat' dir='ltr'><strong>de</strong></span> <span class='ocrx_word' id='word_1_761' title='bbox 389 4258 511 4328; x_wconf 85' lang='lat' dir='ltr'><strong>symbolo</strong></span> <span class='ocrx_word' id='word_1_762' title='bbox 522 4259 576 4323; x_wconf 91' lang='lat' dir='ltr'><strong>agit</strong></span> <span class='ocrx_word' id='word_1_763' title='bbox 589 4265 788 4321; x_wconf 87' lang='lat' dir='ltr'><strong>annumeratur,</strong></span> <span class='ocrx_word' id='word_1_764' title='bbox 803 4268 818 4307; x_wconf 90' lang='lat' dir='ltr'><strong>a</strong></span> <span class='ocrx_word' id='word_1_765' title='bbox 836 4256 894 4312; x_wconf 90' lang='lat' dir='ltr'><strong>solo</strong></span> <span class='ocrx_word' id='word_1_766' title='bbox 909 4256 1012 4311; x_wconf 83' lang='lat' dir='ltr'><strong>Leode·</strong></span> <span class='ocrx_word' id='word_1_767' title='bbox 1044 4251 1106 4311; x_wconf 82' lang='lat' dir='ltr'><strong>‘tur</strong></span> <span class='ocrx_word' id='word_1_768' title='bbox 1129 4258 1294 4326; x_wconf 83' lang='lat' dir='ltr'><strong>symbolum,</strong></span> <span class='ocrx_word' id='word_1_769' title='bbox 1315 4257 1385 4324; x_wconf 90' lang='lat' dir='ltr'><strong>qnod</strong></span> <span class='ocrx_word' id='word_1_770' title='bbox 1409 4266 1498 4309; x_wconf 89' lang='lat' dir='ltr'><strong>tamen</strong></span> <span class='ocrx_word' id='word_1_771' title='bbox 1524 4255 1608 4309; x_wconf 90' lang='lat' dir='ltr'><strong>sancti</strong></span> <span class='ocrx_word' id='word_1_772' title='bbox 1630 4253 1771 4308; x_wconf 87' lang='lat' dir='ltr'><strong>Atitauasi</strong></span> <span class='ocrx_word' id='word_1_773' title='bbox 1798 4268 1845 4305; x_wconf 93' lang='lat' dir='ltr'><strong>oon</strong></span> 
     </span>
     <span class='ocr_line' id='line_1_58' title="bbox 227 4323 1846 4400; baseline -0.006 -15"><span class='ocrx_word' id='word_1_774' title='bbox 227 4333 302 4400; x_wconf 88' lang='lat' dir='ltr'><strong>gariu</strong></span> <span class='ocrx_word' id='word_1_775' title='bbox 316 4332 342 4384; x_wconf 93' lang='lat' dir='ltr'><strong>in</strong></span> <span class='ocrx_word' id='word_1_776' title='bbox 356 4330 506 4383; x_wconf 73' lang='lat' dir='ltr'><strong>dioecesana</strong></span> <span class='ocrx_word' id='word_1_777' title='bbox 522 4324 624 4396; x_wconf 90' lang='lat' dir='ltr'><strong>synodo</strong></span> <span class='ocrx_word' id='word_1_778' title='bbox 644 4340 691 4393; x_wconf 89' lang='lat' dir='ltr'><strong>pro</strong></span> <span class='ocrx_word' id='word_1_779' title='bbox 712 4325 891 4380; x_wconf 77' lang='lat' dir='ltr'><strong>Ecclesiaste</strong></span> <span class='ocrx_word' id='word_1_780' title='bbox 906 4326 1011 4382; x_wconf 89' lang='lat' dir='ltr'><strong>conditi</strong></span> <span class='ocrx_word' id='word_1_781' title='bbox 1063 4341 1123 4384; x_wconf 87' lang='lat' dir='ltr'><strong>esse</strong></span> <span class='ocrx_word' id='word_1_782' title='bbox 1144 4329 1321 4394; x_wconf 73' lang='lat' dir='ltr'><strong>esuriuntur,</strong></span> <span class='ocrx_word' id='word_1_783' title='bbox 1341 4325 1512 4380; x_wconf 90' lang='lat' dir='ltr'><strong>metuendum</strong></span> <span class='ocrx_word' id='word_1_784' title='bbox 1527 4332 1614 4378; x_wconf 85' lang='lat' dir='ltr'><strong>estne</strong></span> <span class='ocrx_word' id='word_1_785' title='bbox 1634 4324 1705 4377; x_wconf 91' lang='lat' dir='ltr'><strong>inter</strong></span> <span class='ocrx_word' id='word_1_786' title='bbox 1720 4323 1808 4391; x_wconf 84' lang='lat' dir='ltr'><strong>spuria</strong></span> <span class='ocrx_word' id='word_1_787' title='bbox 1821 4332 1846 4375; x_wconf 85' lang='lat' dir='ltr'><strong>ct</strong></span> 
     </span>
     <span class='ocr_line' id='line_1_59' title="bbox 227 4393 1844 4468; baseline -0.007 -13"><span class='ocrx_word' id='word_1_788' title='bbox 227 4401 448 4465; x_wconf 71' lang='lat' dir='ltr'><strong>essetitieantur‚</strong></span> <span class='ocrx_word' id='word_1_789' title='bbox 464 4399 541 4450; x_wconf 85' lang='lat' dir='ltr'><strong>nttel</strong></span> <span class='ocrx_word' id='word_1_790' title='bbox 557 4395 824 4451; x_wconf 87' lang='lat' dir='ltr'><strong>illetitttiusindical.</strong></span> <span class='ocrx_word' id='word_1_791' title='bbox 850 4395 1012 4451; x_wconf 84' lang='lat' dir='ltr'><strong>Etistimun·</strong></span> <span class='ocrx_word' id='word_1_792' title='bbox 1063 4398 1214 4468; x_wconf 87' lang='lat' dir='ltr'><strong>aporrypha</strong></span> <span class='ocrx_word' id='word_1_793' title='bbox 1238 4403 1392 4451; x_wconf 86' lang='lat' dir='ltr'><strong>numeretur</strong></span> <span class='ocrx_word' id='word_1_794' title='bbox 1419 4413 1425 4447; x_wconf 80' lang='lat' dir='ltr'>z</span> <span class='ocrx_word' id='word_1_795' title='bbox 1451 4394 1521 4463; x_wconf 90' lang='lat' dir='ltr'><strong>qnod</strong></span> <span class='ocrx_word' id='word_1_796' title='bbox 1548 4393 1672 4448; x_wconf 77' lang='lat' dir='ltr'><strong>Salonius</strong></span> <span class='ocrx_word' id='word_1_797' title='bbox 1707 4396 1844 4460; x_wconf 89' lang='lat' dir='ltr'><strong>episeopus</strong></span> 
     </span>
     <span class='ocr_line' id='line_1_60' title="bbox 227 4461 1846 4552; baseline -0.006 -27"><span class='ocrx_word' id='word_1_798' title='bbox 227 4473 290 4525; x_wconf 91' lang='lat' dir='ltr'><strong>dum</strong></span> <span class='ocrx_word' id='word_1_799' title='bbox 304 4469 375 4525; x_wconf 89' lang='lat' dir='ltr'><strong>cuim</strong></span> <span class='ocrx_word' id='word_1_800' title='bbox 387 4483 440 4522; x_wconf 79' lang='lat' dir='ltr'><strong>nou</strong></span> <span class='ocrx_word' id='word_1_801' title='bbox 452 4478 493 4522; x_wconf 91' lang='lat' dir='ltr'><strong>est</strong></span> <span class='ocrx_word' id='word_1_802' title='bbox 505 4466 613 4520; x_wconf 91' lang='lat' dir='ltr'><strong>unicum</strong></span> <span class='ocrx_word' id='word_1_803' title='bbox 623 4465 776 4535; x_wconf 88' lang='lat' dir='ltr'><strong>episcopum</strong></span> <span class='ocrx_word' id='word_1_804' title='bbox 793 4465 843 4521; x_wconf 92' lang='lat' dir='ltr'><strong>hoc</strong></span> <span class='ocrx_word' id='word_1_805' title='bbox 863 4464 914 4520; x_wconf 91' lang='lat' dir='ltr'><strong>sihi</strong></span> <span class='ocrx_word' id='word_1_806' title='bbox 934 4481 1011 4521; x_wconf 89' lang='lat' dir='ltr'><strong>arro·</strong></span> <span class='ocrx_word' id='word_1_807' title='bbox 1025 4493 1051 4552; x_wconf 73' lang='lat' dir='ltr'>D</span> <span class='ocrx_word' id='word_1_808' title='bbox 1064 4465 1154 4522; x_wconf 86' lang='lat' dir='ltr'><strong>Gallus</strong></span> <span class='ocrx_word' id='word_1_809' title='bbox 1169 4466 1279 4521; x_wconf 82' lang='lat' dir='ltr'><strong>timebat</strong></span> <span class='ocrx_word' id='word_1_810' title='bbox 1305 4482 1338 4519; x_wconf 92' lang='lat' dir='ltr'><strong>ne</strong></span> <span class='ocrx_word' id='word_1_811' title='bbox 1358 4462 1475 4519; x_wconf 80' lang='lat' dir='ltr'><strong>salviani</strong></span> <span class='ocrx_word' id='word_1_812' title='bbox 1491 4465 1559 4519; x_wconf 89' lang='lat' dir='ltr'><strong>lihro</strong></span> <span class='ocrx_word' id='word_1_813' title='bbox 1569 4464 1690 4519; x_wconf 82' lang='lat' dir='ltr'><strong>eueniret</strong></span> <span class='ocrx_word' id='word_1_814' title='bbox 1705 4479 1743 4532; x_wconf 90' lang='lat' dir='ltr'><strong>qu</strong></span> <span class='ocrx_word' id='word_1_815' title='bbox 1761 4480 1785 4517; x_wconf 88' lang='lat' dir='ltr'><strong>nt</strong></span> <span class='ocrx_word' id='word_1_816' title='bbox 1801 4461 1846 4516; x_wconf 90' lang='lat' dir='ltr'><strong>suh</strong></span> 
     </span>
     <span class='ocr_line' id='line_1_61' title="bbox 193 4531 1847 4610; baseline -0.007 -15"><span class='ocrx_word' id='word_1_817' title='bbox 193 4541 208 4565; x_wconf 73' lang='lat'><strong>⁹</strong></span> <span class='ocrx_word' id='word_1_818' title='bbox 228 4552 349 4610; x_wconf 78' lang='lat' dir='ltr'><strong>gaiorum</strong></span> <span class='ocrx_word' id='word_1_819' title='bbox 361 4538 442 4592; x_wconf 90' lang='lat' dir='ltr'><strong>luisse</strong></span> <span class='ocrx_word' id='word_1_820' title='bbox 456 4547 486 4590; x_wconf 90' lang='lat' dir='ltr'><strong>ut</strong></span> <span class='ocrx_word' id='word_1_821' title='bbox 497 4551 593 4591; x_wconf 86' lang='lat' dir='ltr'><strong>notum</strong></span> <span class='ocrx_word' id='word_1_822' title='bbox 607 4536 769 4606; x_wconf 83' lang='lat' dir='ltr'><strong>symbolum,</strong></span> <span class='ocrx_word' id='word_1_823' title='bbox 781 4550 831 4589; x_wconf 88' lang='lat' dir='ltr'><strong>uec</strong></span> <span class='ocrx_word' id='word_1_824' title='bbox 842 4535 875 4590; x_wconf 89' lang='lat' dir='ltr'><strong>ab</strong></span> <span class='ocrx_word' id='word_1_825' title='bbox 888 4536 1010 4590; x_wconf 83' lang='lat' dir='ltr'><strong>uniuersa</strong></span> <span class='ocrx_word' id='word_1_826' title='bbox 1064 4536 1196 4590; x_wconf 85' lang='lat' dir='ltr'><strong>Timothei</strong></span> <span class='ocrx_word' id='word_1_827' title='bbox 1220 4537 1327 4591; x_wconf 91' lang='lat' dir='ltr'><strong>nomine</strong></span> <span class='ocrx_word' id='word_1_828' title='bbox 1348 4534 1381 4589; x_wconf 85' lang='lat' dir='ltr'><strong>ad</strong></span> <span class='ocrx_word' id='word_1_829' title='bbox 1404 4535 1496 4589; x_wconf 88' lang='lat' dir='ltr'><strong>Ecclcs</strong></span> <span class='ocrx_word' id='word_1_830' title='bbox 1507 4549 1550 4588; x_wconf 89' lang='lat' dir='ltr'><strong>atu</strong></span> <span class='ocrx_word' id='word_1_831' title='bbox 1563 4531 1724 4587; x_wconf 88' lang='lat' dir='ltr'><strong>catholicam</strong></span> <span class='ocrx_word' id='word_1_832' title='bbox 1738 4534 1847 4600; x_wconf 85' lang='lat' dir='ltr'><strong>scripse·</strong></span> 
     </span>
     <span class='ocr_line' id='line_1_62' title="bbox 229 4600 1846 4675; baseline -0.007 -11"><span class='ocrx_word' id='word_1_833' title='bbox 229 4610 346 4665; x_wconf 77' lang='lat' dir='ltr'><strong>Ecclesia</strong></span> <span class='ocrx_word' id='word_1_834' title='bbox 359 4609 401 4663; x_wconf 86' lang='lat' dir='ltr'><strong>tel</strong></span> <span class='ocrx_word' id='word_1_835' title='bbox 415 4622 463 4661; x_wconf 85' lang='lat' dir='ltr'><strong>usu</strong></span> <span class='ocrx_word' id='word_1_836' title='bbox 475 4615 622 4675; x_wconf 84' lang='lat' dir='ltr'><strong>receptum,</strong></span> <span class='ocrx_word' id='word_1_837' title='bbox 641 4606 708 4661; x_wconf 88' lang='lat' dir='ltr'><strong>reia</strong></span> <span class='ocrx_word' id='word_1_838' title='bbox 723 4606 812 4660; x_wconf 90' lang='lat' dir='ltr'><strong>utultis</strong></span> <span class='ocrx_word' id='word_1_839' title='bbox 823 4605 1010 4674; x_wconf 87' lang='lat' dir='ltr'><strong>approbatum,</strong></span> <span class='ocrx_word' id='word_1_840' title='bbox 1062 4618 1113 4660; x_wconf 89' lang='lat' dir='ltr'><strong>rat.</strong></span> <span class='ocrx_word' id='word_1_841' title='bbox 1130 4607 1227 4660; x_wconf 81' lang='lat' dir='ltr'><strong>Verum</strong></span> <span class='ocrx_word' id='word_1_842' title='bbox 1241 4605 1311 4675; x_wconf 90' lang='lat' dir='ltr'><strong>quod</strong></span> <span class='ocrx_word' id='word_1_843' title='bbox 1335 4605 1473 4659; x_wconf 79' lang='lat' dir='ltr'><strong>Saluianus</strong></span> <span class='ocrx_word' id='word_1_844' title='bbox 1489 4604 1636 4672; x_wconf 76' lang='lat' dir='ltr'><strong>repondet</strong></span> <span class='ocrx_word' id='word_1_845' title='bbox 1649 4600 1678 4655; x_wconf 92' lang='lat' dir='ltr'><strong>io</strong></span> <span class='ocrx_word' id='word_1_846' title='bbox 1690 4603 1804 4669; x_wconf 87' lang='lat' dir='ltr'><strong>epistola</strong></span> <span class='ocrx_word' id='word_1_847' title='bbox 1817 4600 1846 4653; x_wconf 91' lang='lat' dir='ltr'><strong>ad</strong></span> 
     </span>
     <span class='ocr_line' id='line_1_63' title="bbox 230 4672 1847 4743; baseline -0.007 -8"><span class='ocrx_word' id='word_1_848' title='bbox 230 4679 301 4735; x_wconf 85' lang='lat' dir='ltr'><strong>clero</strong></span> <span class='ocrx_word' id='word_1_849' title='bbox 315 4694 364 4733; x_wconf 90' lang='lat' dir='ltr'><strong>suo</strong></span> <span class='ocrx_word' id='word_1_850' title='bbox 383 4678 456 4732; x_wconf 82' lang='lat' dir='ltr'><strong>velut</strong></span> <span class='ocrx_word' id='word_1_851' title='bbox 477 4678 538 4731; x_wconf 76' lang='lat' dir='ltr'><strong>hilei</strong></span> <span class='ocrx_word' id='word_1_852' title='bbox 553 4685 680 4731; x_wconf 89' lang='lat' dir='ltr'><strong>tesseram</strong></span> <span class='ocrx_word' id='word_1_853' title='bbox 705 4679 834 4729; x_wconf 89' lang='lat' dir='ltr'><strong>memoria</strong></span> <span class='ocrx_word' id='word_1_854' title='bbox 857 4678 1010 4739; x_wconf 87' lang='lat' dir='ltr'><strong>tenendam,</strong></span> <span class='ocrx_word' id='word_1_855' title='bbox 1063 4676 1184 4731; x_wconf 88' lang='lat' dir='ltr'><strong>eumdem</strong></span> <span class='ocrx_word' id='word_1_856' title='bbox 1201 4675 1349 4738; x_wconf 89' lang='lat' dir='ltr'><strong>Salonium,</strong></span> <span class='ocrx_word' id='word_1_857' title='bbox 1365 4673 1513 4743; x_wconf 77' lang='lat' dir='ltr'><strong>respondeo</strong></span> <span class='ocrx_word' id='word_1_858' title='bbox 1527 4672 1666 4727; x_wconf 83' lang='lat' dir='ltr'><strong>smiliter:</strong></span> <span class='ocrx_word' id='word_1_859' title='bbox 1683 4672 1803 4743; x_wconf 72' lang='lat' dir='ltr'><strong>Sufficere</strong></span> <span class='ocrx_word' id='word_1_860' title='bbox 1816 4673 1847 4722; x_wconf 87' lang='lat' dir='ltr'><strong>ort</strong></span> 
     </span>
     <span class='ocr_line' id='line_1_64' title="bbox 229 4742 1847 4817; baseline -0.007 -14"><span class='ocrx_word' id='word_1_861' title='bbox 229 4751 311 4804; x_wconf 88' lang='lat' dir='ltr'><strong>corde</strong></span> <span class='ocrx_word' id='word_1_862' title='bbox 323 4747 494 4812; x_wconf 89' lang='lat' dir='ltr'><strong>credendam,</strong></span> <span class='ocrx_word' id='word_1_863' title='bbox 519 4761 567 4800; x_wconf 91' lang='lat' dir='ltr'><strong>orc</strong></span> <span class='ocrx_word' id='word_1_864' title='bbox 588 4745 768 4799; x_wconf 88' lang='lat' dir='ltr'><strong>conliteudam</strong></span> <span class='ocrx_word' id='word_1_865' title='bbox 786 4745 859 4813; x_wconf 85' lang='lat' dir='ltr'><strong>graui</strong></span> <span class='ocrx_word' id='word_1_866' title='bbox 881 4746 1011 4799; x_wconf 85' lang='lat' dir='ltr'><strong>intentato</strong></span> <span class='ocrx_word' id='word_1_867' title='bbox 1062 4747 1247 4800; x_wconf 78' lang='lat' dir='ltr'><strong>excludentium</strong></span> <span class='ocrx_word' id='word_1_868' title='bbox 1261 4746 1362 4817; x_wconf 82' lang='lat' dir='ltr'><strong>penitus</strong></span> <span class='ocrx_word' id='word_1_869' title='bbox 1373 4744 1513 4813; x_wconf 78' lang='lat' dir='ltr'><strong>apocryphi</strong></span> <span class='ocrx_word' id='word_1_870' title='bbox 1524 4743 1583 4813; x_wconf 80' lang='lat' dir='ltr'><strong>rtp&#39;i</strong></span> <span class='ocrx_word' id='word_1_871' title='bbox 1597 4746 1768 4809; x_wconf 81' lang='lat' dir='ltr'><strong>suspicionem</strong></span> <span class='ocrx_word' id='word_1_872' title='bbox 1777 4742 1847 4792; x_wconf 82' lang='lat' dir='ltr'><strong>etiarn</strong></span> 
     </span>
     <span class='ocr_line' id='line_1_65' title="bbox 229 4812 1847 4890; baseline -0.006 -19"><span class='ocrx_word' id='word_1_873' title='bbox 229 4833 308 4890; x_wconf 84' lang='lat' dir='ltr'><strong>prena</strong></span> <span class='ocrx_word' id='word_1_874' title='bbox 337 4818 504 4887; x_wconf 70' lang='lat' dir='ltr'><strong>praeciperet.</strong></span> <span class='ocrx_word' id='word_1_875' title='bbox 519 4814 684 4882; x_wconf 85' lang='lat' dir='ltr'><strong>Quanquam,</strong></span> <span class='ocrx_word' id='word_1_876' title='bbox 701 4829 735 4868; x_wconf 92' lang='lat' dir='ltr'><strong>ne</strong></span> <span class='ocrx_word' id='word_1_877' title='bbox 759 4812 1011 4882; x_wconf 87' lang='lat' dir='ltr'><strong>quidtiissimuient,</strong></span> <span class='ocrx_word' id='word_1_878' title='bbox 1063 4815 1111 4868; x_wconf 90' lang='lat' dir='ltr'><strong>hoc</strong></span> <span class='ocrx_word' id='word_1_879' title='bbox 1129 4819 1212 4868; x_wconf 85' lang='lat' dir='ltr'><strong>rolrun</strong></span> <span class='ocrx_word' id='word_1_880' title='bbox 1239 4831 1320 4882; x_wconf 84' lang='lat' dir='ltr'><strong>posse,</strong></span> <span class='ocrx_word' id='word_1_881' title='bbox 1345 4815 1414 4882; x_wconf 87' lang='lat' dir='ltr'><strong>quod</strong></span> <span class='ocrx_word' id='word_1_882' title='bbox 1442 4814 1506 4866; x_wconf 88' lang='lat' dir='ltr'><strong>sctis</strong></span> <span class='ocrx_word' id='word_1_883' title='bbox 1534 4815 1694 4882; x_wconf 86' lang='lat' dir='ltr'><strong>perspicuum</strong></span> <span class='ocrx_word' id='word_1_884' title='bbox 1717 4821 1754 4865; x_wconf 87' lang='lat' dir='ltr'><strong>cst</strong></span> <span class='ocrx_word' id='word_1_885' title='bbox 1775 4812 1847 4862; x_wconf 85' lang='lat' dir='ltr'><strong>hiros</strong></span> 
     </span>
     <span class='ocr_line' id='line_1_66' title="bbox 229 4880 1848 4956; baseline -0.007 -13"><span class='ocrx_word' id='word_1_886' title='bbox 229 4891 272 4943; x_wconf 81' lang='lat' dir='ltr'><strong>tir</strong></span> <span class='ocrx_word' id='word_1_887' title='bbox 283 4886 456 4956; x_wconf 87' lang='lat' dir='ltr'><strong>aliquidcerti</strong></span> <span class='ocrx_word' id='word_1_888' title='bbox 469 4890 587 4940; x_wconf 77' lang='lat' dir='ltr'><strong>cronico</strong></span> <span class='ocrx_word' id='word_1_889' title='bbox 599 4883 647 4937; x_wconf 90' lang='lat' dir='ltr'><strong>illo</strong></span> <span class='ocrx_word' id='word_1_890' title='bbox 659 4897 764 4937; x_wconf 77' lang='lat' dir='ltr'><strong>maone</strong></span> <span class='ocrx_word' id='word_1_891' title='bbox 776 4883 1011 4952; x_wconf 85' lang='lat' dir='ltr'><strong>Augustoduueusi</strong></span> <span class='ocrx_word' id='word_1_892' title='bbox 1064 4887 1197 4940; x_wconf 75' lang='lat' dir='ltr'><strong>neotericae</strong></span> <span class='ocrx_word' id='word_1_893' title='bbox 1211 4884 1392 4954; x_wconf 78' lang='lat' dir='ltr'><strong>disputnt‘onis</strong></span> <span class='ocrx_word' id='word_1_894' title='bbox 1410 4897 1474 4943; x_wconf 85' lang='lat' dir='ltr'><strong>esse,</strong></span> <span class='ocrx_word' id='word_1_895' title='bbox 1490 4890 1512 4935; x_wconf 90' lang='grc' dir='ltr'><strong>ιι</strong></span> <span class='ocrx_word' id='word_1_896' title='bbox 1537 4897 1553 4934; x_wconf 88' lang='lat' dir='ltr'><strong>tt</strong></span> <span class='ocrx_word' id='word_1_897' title='bbox 1567 4882 1714 4952; x_wconf 82' lang='lat' dir='ltr'><strong>posterioris</strong></span> <span class='ocrx_word' id='word_1_898' title='bbox 1733 4880 1848 4950; x_wconf 86' lang='lat' dir='ltr'><strong>tenrpois</strong></span> 
     </span>
     <span class='ocr_line' id='line_1_67' title="bbox 230 4951 1847 5028; baseline -0.009 -14"><span class='ocrx_word' id='word_1_899' title='bbox 230 4967 348 5017; x_wconf 83' lang='lat' dir='ltr'><strong>statuere</strong></span> <span class='ocrx_word' id='word_1_900' title='bbox 357 4956 499 5015; x_wconf 83' lang='lat' dir='ltr'><strong>auderem,</strong></span> <span class='ocrx_word' id='word_1_901' title='bbox 515 4954 567 5008; x_wconf 89' lang='lat' dir='ltr'><strong>uisi</strong></span> <span class='ocrx_word' id='word_1_902' title='bbox 590 4967 633 5007; x_wconf 91' lang='lat' dir='ltr'><strong>mc</strong></span> <span class='ocrx_word' id='word_1_903' title='bbox 655 4951 872 5009; x_wconf 90' lang='lat' dir='ltr'><strong>doctissimorum</strong></span> <span class='ocrx_word' id='word_1_904' title='bbox 893 4953 1012 5007; x_wconf 83' lang='lat' dir='ltr'><strong>virorum</strong></span> <span class='ocrx_word' id='word_1_905' title='bbox 1065 4955 1166 5009; x_wconf 84' lang='lat' dir='ltr'><strong>ltonttine</strong></span> <span class='ocrx_word' id='word_1_906' title='bbox 1180 4956 1325 5008; x_wconf 69' lang='lat' dir='ltr'><strong>dilictorum</strong></span> <span class='ocrx_word' id='word_1_907' title='bbox 1339 4966 1423 5028; x_wconf 73' lang='lat' dir='ltr'><strong>rqrrrm</strong></span> <span class='ocrx_word' id='word_1_908' title='bbox 1438 4952 1522 5011; x_wconf 85' lang='lat' dir='ltr'><strong>stadio</strong></span> <span class='ocrx_word' id='word_1_909' title='bbox 1538 4962 1613 5020; x_wconf 85' lang='lat' dir='ltr'><strong>otqrre</strong></span> <span class='ocrx_word' id='word_1_910' title='bbox 1638 4966 1727 5004; x_wconf 78' lang='lat' dir='ltr'><strong>sumre</strong></span> <span class='ocrx_word' id='word_1_911' title='bbox 1741 4951 1847 5004; x_wconf 78' lang='lat' dir='ltr'><strong>consen·</strong></span> 
     </span>
     <span class='ocr_line' id='line_1_68' title="bbox 230 5022 1846 5096; baseline -0.009 -14"><span class='ocrx_word' id='word_1_912' title='bbox 230 5027 401 5096; x_wconf 77' lang='lat' dir='ltr'><strong>compelleret</strong></span> <span class='ocrx_word' id='word_1_913' title='bbox 419 5025 573 5086; x_wconf 87' lang='lat' dir='ltr'><strong>attetoritas,</strong></span> <span class='ocrx_word' id='word_1_914' title='bbox 589 5022 691 5087; x_wconf 87' lang='lat' dir='ltr'><strong>iacchi,</strong></span> <span class='ocrx_word' id='word_1_915' title='bbox 716 5025 840 5092; x_wconf 88' lang='lat' dir='ltr'><strong>inquam,</strong></span> <span class='ocrx_word' id='word_1_916' title='bbox 865 5023 1012 5087; x_wconf 89' lang='lat' dir='ltr'><strong>Sirmondi,</strong></span> <span class='ocrx_word' id='word_1_917' title='bbox 1066 5034 1132 5092; x_wconf 84' lang='lat' dir='ltr'><strong>ptos.</strong></span> <span class='ocrx_word' id='word_1_918' title='bbox 1149 5025 1315 5079; x_wconf 79' lang='lat' dir='ltr'><strong>Carentenim</strong></span> <span class='ocrx_word' id='word_1_919' title='bbox 1326 5022 1466 5092; x_wconf 80' lang='lat' dir='ltr'><strong>apocryphi</strong></span> <span class='ocrx_word' id='word_1_920' title='bbox 1479 5023 1633 5089; x_wconf 85' lang='lat' dir='ltr'><strong>suspicione,</strong></span> <span class='ocrx_word' id='word_1_921' title='bbox 1648 5022 1694 5088; x_wconf 84' lang='lat' dir='ltr'><strong>qai</strong></span> <span class='ocrx_word' id='word_1_922' title='bbox 1708 5035 1846 5091; x_wconf 81' lang='lat' dir='ltr'><strong>agnoscun-</strong></span> 
     </span>
     <span class='ocr_line' id='line_1_69' title="bbox 231 5089 1848 5163; baseline -0.008 -9"><span class='ocrx_word' id='word_1_923' title='bbox 231 5100 301 5154; x_wconf 69' lang='lat' dir='ltr'><strong>l‘ctri</strong></span> <span class='ocrx_word' id='word_1_924' title='bbox 315 5099 348 5154; x_wconf 88' lang='lat' dir='ltr'><strong>de</strong></span> <span class='ocrx_word' id='word_1_925' title='bbox 362 5098 388 5152; x_wconf 91' lang='lat' dir='ltr'><strong>ia</strong></span> <span class='ocrx_word' id='word_1_926' title='bbox 400 5095 500 5158; x_wconf 82' lang='lat' dir='ltr'><strong>laude,</strong></span> <span class='ocrx_word' id='word_1_927' title='bbox 517 5104 543 5149; x_wconf 90' lang='lat' dir='ltr'><strong>et</strong></span> <span class='ocrx_word' id='word_1_928' title='bbox 567 5092 701 5149; x_wconf 86' lang='lat' dir='ltr'><strong>Gotlelridi</strong></span> <span class='ocrx_word' id='word_1_929' title='bbox 719 5092 879 5158; x_wconf 86' lang='lat' dir='ltr'><strong>liertnantii,</strong></span> <span class='ocrx_word' id='word_1_930' title='bbox 895 5094 939 5163; x_wconf 88' lang='lat' dir='ltr'><strong>qui</strong></span> <span class='ocrx_word' id='word_1_931' title='bbox 956 5094 1014 5148; x_wconf 86' lang='lat' dir='ltr'><strong>lou·</strong></span> <span class='ocrx_word' id='word_1_932' title='bbox 1067 5094 1335 5158; x_wconf 89' lang='lat' dir='ltr'><strong>tur,necAthanasii,</strong></span> <span class='ocrx_word' id='word_1_933' title='bbox 1351 5106 1401 5147; x_wconf 91' lang='lat' dir='ltr'><strong>uec</strong></span> <span class='ocrx_word' id='word_1_934' title='bbox 1414 5089 1529 5145; x_wconf 85' lang='lat' dir='ltr'><strong>huminis</strong></span> <span class='ocrx_word' id='word_1_935' title='bbox 1539 5090 1686 5146; x_wconf 79' lang='lat' dir='ltr'><strong>Athanasio</strong></span> <span class='ocrx_word' id='word_1_936' title='bbox 1698 5095 1792 5156; x_wconf 71' lang='lat' dir='ltr'><strong>coeti,</strong></span> <span class='ocrx_word' id='word_1_937' title='bbox 1804 5103 1848 5142; x_wconf 91' lang='lat' dir='ltr'><strong>nec</strong></span> 
     </span>
     <span class='ocr_line' id='line_1_70' title="bbox 229 5160 1847 5229; baseline -0.009 -6"><span class='ocrx_word' id='word_1_938' title='bbox 229 5172 319 5225; x_wconf 90' lang='lat' dir='ltr'><strong>datum</strong></span> <span class='ocrx_word' id='word_1_939' title='bbox 335 5181 465 5223; x_wconf 83' lang='lat' dir='ltr'><strong>cottonem</strong></span> <span class='ocrx_word' id='word_1_940' title='bbox 483 5164 516 5219; x_wconf 83' lang='lat' dir='ltr'><strong>ad</strong></span> <span class='ocrx_word' id='word_1_941' title='bbox 531 5177 630 5219; x_wconf 90' lang='lat' dir='ltr'><strong>annum</strong></span> <span class='ocrx_word' id='word_1_942' title='bbox 644 5160 696 5221; x_wconf 82' lang='lat' dir='ltr'><strong>stu</strong></span> <span class='ocrx_word' id='word_1_943' title='bbox 716 5163 818 5219; x_wconf 83' lang='lat' dir='ltr'><strong>relecto</strong></span> <span class='ocrx_word' id='word_1_944' title='bbox 840 5179 894 5217; x_wconf 91' lang='lat' dir='ltr'><strong>ttutt</strong></span> <span class='ocrx_word' id='word_1_945' title='bbox 909 5164 1015 5219; x_wconf 86' lang='lat' dir='ltr'><strong>dubita·</strong></span> <span class='ocrx_word' id='word_1_946' title='bbox 1068 5163 1153 5219; x_wconf 78' lang='lat' dir='ltr'><strong>meet</strong></span> <span class='ocrx_word' id='word_1_947' title='bbox 1171 5178 1232 5220; x_wconf 88' lang='lat' dir='ltr'><strong>esso</strong></span> <span class='ocrx_word' id='word_1_948' title='bbox 1252 5163 1378 5217; x_wconf 86' lang='lat' dir='ltr'><strong>srtctoris.</strong></span> <span class='ocrx_word' id='word_1_949' title='bbox 1399 5161 1475 5226; x_wconf 74' lang='lat' dir='ltr'><strong>unua</strong></span> <span class='ocrx_word' id='word_1_950' title='bbox 1490 5170 1578 5215; x_wconf 83' lang='lat' dir='ltr'><strong>nartem</strong></span> <span class='ocrx_word' id='word_1_951' title='bbox 1601 5161 1737 5229; x_wconf 86' lang='lat' dir='ltr'><strong>proprium</strong></span> <span class='ocrx_word' id='word_1_952' title='bbox 1757 5173 1847 5213; x_wconf 86' lang='lat' dir='ltr'><strong>nomen</strong></span> 
     </span>
     <span class='ocr_line' id='line_1_71' title="bbox 231 5229 1847 5306; baseline -0.009 -10"><span class='ocrx_word' id='word_1_953' title='bbox 231 5249 302 5306; x_wconf 90' lang='lat' dir='ltr'><strong>tunt,</strong></span> <span class='ocrx_word' id='word_1_954' title='bbox 316 5253 376 5294; x_wconf 91' lang='lat' dir='ltr'><strong>cum</strong></span> <span class='ocrx_word' id='word_1_955' title='bbox 397 5245 484 5292; x_wconf 86' lang='lat' dir='ltr'><strong>tameo</strong></span> <span class='ocrx_word' id='word_1_956' title='bbox 508 5249 557 5291; x_wconf 89' lang='lat' dir='ltr'><strong>nec</strong></span> <span class='ocrx_word' id='word_1_957' title='bbox 581 5249 647 5289; x_wconf 88' lang='lat' dir='ltr'><strong>mss.</strong></span> <span class='ocrx_word' id='word_1_958' title='bbox 664 5233 838 5290; x_wconf 85' lang='lat' dir='ltr'><strong>collectiones</strong></span> <span class='ocrx_word' id='word_1_959' title='bbox 863 5248 896 5288; x_wconf 85' lang='lat' dir='ltr'><strong>ex</strong></span> <span class='ocrx_word' id='word_1_960' title='bbox 919 5233 1016 5304; x_wconf 89' lang='lat' dir='ltr'><strong>quihus</strong></span> <span class='ocrx_word' id='word_1_961' title='bbox 1066 5234 1200 5290; x_wconf 84' lang='lat' dir='ltr'><strong>subticere</strong></span> <span class='ocrx_word' id='word_1_962' title='bbox 1213 5233 1336 5301; x_wconf 83' lang='lat' dir='ltr'><strong>uoluerit,</strong></span> <span class='ocrx_word' id='word_1_963' title='bbox 1350 5231 1376 5287; x_wconf 89' lang='lat' dir='ltr'><strong>id</strong></span> <span class='ocrx_word' id='word_1_964' title='bbox 1392 5240 1464 5287; x_wconf 91' lang='lat' dir='ltr'><strong>metu</strong></span> <span class='ocrx_word' id='word_1_965' title='bbox 1480 5230 1666 5287; x_wconf 70' lang='lat' dir='ltr'><strong>hereticorum</strong></span> <span class='ocrx_word' id='word_1_966' title='bbox 1685 5241 1714 5286; x_wconf 89' lang='lat' dir='ltr'><strong>et</strong></span> <span class='ocrx_word' id='word_1_967' title='bbox 1726 5229 1847 5293; x_wconf 81' lang='lat' dir='ltr'><strong>aduersu·</strong></span> 
     </span>
    </p>
   </div>
   <div class='ocr_carea' id='block_1_7' title="bbox 752 5392 1325 5452">
    <p class='ocr_par' dir='ltr' id='par_1_10' title="bbox 752 5392 1325 5452">
     <span class='ocr_line' id='line_1_72' title="bbox 752 5392 1325 5452; baseline 0.003 -3"><span class='ocrx_word' id='word_1_968' title='bbox 752 5392 1032 5450; x_wconf 72' lang='lat' dir='ltr'><strong>contestatorius</strong></span> <span class='ocrx_word' id='word_1_969' title='bbox 1051 5392 1325 5452; x_wconf 70' lang='lat' dir='ltr'><strong>adhortatorias,</strong></span> 
     </span>
    </p>
   </div>
   <div class='ocr_carea' id='block_1_8' title="bbox 167 5499 1843 5774">
    <p class='ocr_par' dir='ltr' id='par_1_11' title="bbox 167 5499 1843 5774">
     <span class='ocr_line' id='line_1_73' title="bbox 266 5499 1843 5581; baseline -0.009 -17"><span class='ocrx_word' id='word_1_970' title='bbox 266 5509 305 5581; x_wconf 88' lang='lat' dir='ltr'><strong>(o)</strong></span> <span class='ocrx_word' id='word_1_971' title='bbox 319 5508 378 5565; x_wconf 81' lang='lat' dir='ltr'><strong>hun</strong></span> <span class='ocrx_word' id='word_1_972' title='bbox 392 5523 462 5563; x_wconf 87' lang='lat' dir='ltr'><strong>anno</strong></span> <span class='ocrx_word' id='word_1_973' title='bbox 475 5508 535 5573; x_wconf 84' lang='lat' dir='ltr'><strong>oto,</strong></span> <span class='ocrx_word' id='word_1_974' title='bbox 551 5507 597 5567; x_wconf 84' lang='lat' dir='ltr'><strong>sel</strong></span> <span class='ocrx_word' id='word_1_975' title='bbox 612 5522 683 5563; x_wconf 89' lang='lat' dir='ltr'><strong>anno</strong></span> <span class='ocrx_word' id='word_1_976' title='bbox 696 5507 749 5563; x_wconf 83' lang='lat' dir='ltr'><strong>sto</strong></span> <span class='ocrx_word' id='word_1_977' title='bbox 764 5507 805 5561; x_wconf 89' lang='lat' dir='ltr'><strong>tel</strong></span> <span class='ocrx_word' id='word_1_978' title='bbox 819 5508 871 5563; x_wconf 79' lang='lat' dir='ltr'><strong>stt</strong></span> <span class='ocrx_word' id='word_1_979' title='bbox 885 5506 957 5562; x_wconf 88' lang='lat' dir='ltr'><strong>hanc</strong></span> <span class='ocrx_word' id='word_1_980' title='bbox 970 5519 1015 5574; x_wconf 84' lang='lat' dir='ltr'><strong>sy·</strong></span> <span class='ocrx_word' id='word_1_981' title='bbox 1107 5506 1144 5578; x_wconf 81' lang='lat' dir='ltr'><strong>(it)</strong></span> <span class='ocrx_word' id='word_1_982' title='bbox 1160 5508 1189 5563; x_wconf 86' lang='lat' dir='ltr'><strong>S.</strong></span> <span class='ocrx_word' id='word_1_983' title='bbox 1205 5505 1340 5562; x_wconf 87' lang='lat' dir='ltr'><strong>Athanasii</strong></span> <span class='ocrx_word' id='word_1_984' title='bbox 1354 5518 1450 5559; x_wconf 87' lang='lat' dir='ltr'><strong>nomon</strong></span> <span class='ocrx_word' id='word_1_985' title='bbox 1465 5503 1499 5559; x_wconf 87' lang='lat' dir='ltr'><strong>ah</strong></span> <span class='ocrx_word' id='word_1_986' title='bbox 1515 5502 1573 5572; x_wconf 90' lang='lat' dir='ltr'><strong>ipso</strong></span> <span class='ocrx_word' id='word_1_987' title='bbox 1593 5511 1703 5556; x_wconf 86' lang='lat' dir='ltr'><strong>auctore</strong></span> <span class='ocrx_word' id='word_1_988' title='bbox 1718 5499 1843 5568; x_wconf 79' lang='lat' dir='ltr'><strong>punitum</strong></span> 
     </span>
     <span class='ocr_line' id='line_1_74' title="bbox 232 5569 1842 5646; baseline -0.009 -11"><span class='ocrx_word' id='word_1_989' title='bbox 232 5581 328 5636; x_wconf 87' lang='lat' dir='ltr'><strong>nodum</strong></span> <span class='ocrx_word' id='word_1_990' title='bbox 342 5580 458 5634; x_wconf 83' lang='lat' dir='ltr'><strong>ltaltitam</strong></span> <span class='ocrx_word' id='word_1_991' title='bbox 473 5579 589 5632; x_wconf 88' lang='lat' dir='ltr'><strong>ostendit</strong></span> <span class='ocrx_word' id='word_1_992' title='bbox 603 5577 740 5632; x_wconf 84' lang='lat' dir='ltr'><strong>lioltierius</strong></span> <span class='ocrx_word' id='word_1_993' title='bbox 762 5578 789 5632; x_wconf 93' lang='lat' dir='ltr'><strong>iu</strong></span> <span class='ocrx_word' id='word_1_994' title='bbox 803 5579 884 5646; x_wconf 89' lang='lat' dir='ltr'><strong>epist.</strong></span> <span class='ocrx_word' id='word_1_995' title='bbox 912 5577 945 5630; x_wconf 89' lang='lat' dir='ltr'><strong>ati</strong></span> <span class='ocrx_word' id='word_1_996' title='bbox 961 5576 1016 5629; x_wconf 82' lang='lat' dir='ltr'><strong>lin·</strong></span> <span class='ocrx_word' id='word_1_997' title='bbox 1069 5578 1190 5646; x_wconf 89' lang='lat' dir='ltr'><strong>sytuholo</strong></span> <span class='ocrx_word' id='word_1_998' title='bbox 1204 5592 1238 5631; x_wconf 81' lang='lat' dir='ltr'><strong>ex</strong></span> <span class='ocrx_word' id='word_1_999' title='bbox 1253 5575 1442 5632; x_wconf 88' lang='lat' dir='ltr'><strong>tctttstiurihus</strong></span> <span class='ocrx_word' id='word_1_1000' title='bbox 1454 5588 1519 5627; x_wconf 85' lang='lat' dir='ltr'><strong>mss.</strong></span> <span class='ocrx_word' id='word_1_1001' title='bbox 1545 5571 1743 5642; x_wconf 80' lang='lat' dir='ltr'><strong>exemplaribus</strong></span> <span class='ocrx_word' id='word_1_1002' title='bbox 1758 5569 1842 5622; x_wconf 85' lang='lat' dir='ltr'><strong>talstttu</strong></span> 
     </span>
     <span class='ocr_line' id='line_1_75' title="bbox 167 5640 1639 5774; baseline -0.004 -72"><span class='ocrx_word' id='word_1_1003' title='bbox 167 5744 180 5767; x_wconf 37' lang='lat'><strong>⁶</strong></span> <span class='ocrx_word' id='word_1_1004' title='bbox 203 5750 208 5753; x_wconf 72' lang='lat'><strong>,</strong></span> <span class='ocrx_word' id='word_1_1005' title='bbox 232 5650 462 5774; x_wconf 47' lang='grc' dir='ltr'>ἓῗὸιίιιιιὶιὲιιιι.ἱιίιι</span> <span class='ocrx_word' id='word_1_1006' title='bbox 481 5659 546 5702; x_wconf 86' lang='grc' dir='ltr'>ιοιιι.</span> <span class='ocrx_word' id='word_1_1007' title='bbox 565 5648 607 5702; x_wconf 81' lang='grc' dir='ltr'><strong>ιιι</strong></span> <span class='ocrx_word' id='word_1_1008' title='bbox 632 5649 734 5704; x_wconf 72' lang='lat' dir='ltr'><strong>concil.</strong></span> <span class='ocrx_word' id='word_1_1009' title='bbox 762 5648 827 5702; x_wconf 83' lang='lat' dir='ltr'><strong>lert.</strong></span> <span class='ocrx_word' id='word_1_1010' title='bbox 854 5648 931 5716; x_wconf 78' lang='lat' dir='ltr'><strong>edit,</strong></span> <span class='ocrx_word' id='word_1_1011' title='bbox 960 5646 1013 5701; x_wconf 89' lang='lat' dir='ltr'><strong>col.</strong></span> <span class='ocrx_word' id='word_1_1012' title='bbox 1069 5646 1239 5703; x_wconf 86' lang='lat' dir='ltr'><strong>ostendemus</strong></span> <span class='ocrx_word' id='word_1_1013' title='bbox 1250 5647 1277 5701; x_wconf 92' lang='lat' dir='ltr'><strong>in</strong></span> <span class='ocrx_word' id='word_1_1014' title='bbox 1293 5649 1409 5713; x_wconf 88' lang='lat' dir='ltr'><strong>ohserr.,</strong></span> <span class='ocrx_word' id='word_1_1015' title='bbox 1427 5642 1483 5714; x_wconf 71' lang='lat' dir='ltr'><strong>id,</strong></span> <span class='ocrx_word' id='word_1_1016' title='bbox 1497 5659 1524 5695; x_wconf 91' lang='lat' dir='ltr'><strong>n.</strong></span> <span class='ocrx_word' id='word_1_1017' title='bbox 1539 5640 1557 5693; x_wconf 75' lang='lat'><strong>2</strong></span> <span class='ocrx_word' id='word_1_1018' title='bbox 1572 5653 1597 5698; x_wconf 90' lang='lat' dir='ltr'><strong>cl</strong></span> <span class='ocrx_word' id='word_1_1019' title='bbox 1614 5644 1639 5699; x_wconf 76' lang='lat' dir='ltr'><strong>h.</strong></span> 
     </span>
    </p>
   </div>
   <div class='ocr_carea' id='block_1_9' title="bbox 1749 5804 1788 5817">
    <p class='ocr_par' dir='ltr' id='par_1_12' title="bbox 1749 5804 1788 5817">
     <span class='ocr_line' id='line_1_76' title="bbox 1749 5804 1788 5817; baseline 0 0"><span class='ocrx_word' id='word_1_1020' title='bbox 1749 5804 1788 5817; x_wconf 50' lang='lat' dir='ltr'><strong>*N—</strong></span> 
     </span>
    </p>
   </div>
   <div class='ocr_carea' id='block_1_10' title="bbox 0 0 2018 6164">
    <p class='ocr_par' dir='ltr' id='par_1_13' title="bbox 0 0 2018 6164">
     <span class='ocr_line' id='line_1_77' title="bbox 0 0 2018 6164; baseline 0 0"><span class='ocrx_word' id='word_1_1021' title='bbox 0 0 2018 6164; x_wconf 95' lang='lat' dir='ltr'><strong> </strong></span> 
     </span>
    </p>
   </div>
  </div>
 </body>
</html>
