4000 6175
131 295 164 355 33
205 381 211 393 ⁸
362 292 408 352 uti
427 293 540 362 tutte.
561 292 783 352 concubitus.
807 293 850 348 ct
869 291 1081 349 cottecwtr.
1095 291 1277 384 *conbibit
1298 294 1387 352 ctus
1408 296 1543 354 unitis*
1698 305 1703 311 “
1725 279 1761 336 5⁸

132 430 182 469 non
195 411 325 467 interluit.
343 411 373 466 tr
391 412 434 464 b²c
444 410 502 480 ipse
516 408 698 478 inscriptionis
711 421 861 463 erroreum
876 408 916 459 iu-
931 409 956 467 Α
970 404 1151 473 Quodsiattos
1164 407 1313 463 erroresad
1325 409 1364 470 lit.
1377 409 1519 479 dequibus
1533 409 1560 463 itt
1573 407 1667 466 samu
1682 423 1764 482 syro·

131 484 333 541 terlocutioncm
345 482 429 536 niolio
442 482 526 550 inagis
541 490 692 548 suspectam
706 477 805 542 reddit,
817 478 918 545 ipsan-

129 571 179 625 quc
194 553 363 624 hypothesim
384 552 510 606 imbecilli
524 551 667 604 admodum
684 547 856 604 fundamento
873 552 916 600 in·

130 629 213 682 nixam
236 623 365 679 ostendit.
389 622 542 690 Stepirsnus
562 620 685 675 uatrruu
710 629 772 674 sote
798 617 828 674 P.
849 616 917 673 Cott-

128 696 252 751 sttntium
269 696 338 748 banc
360 693 595 749 interlocutionem
609 691 636 745 in
659 689 754 746 codctn
777 703 829 744 ms.
849 688 917 743 Cor·

129 765 225 822 briensi
248 776 362 819 nactus.
378 765 445 817 uilril
460 764 493 816 de
508 761 616 816 burano
632 760 747 817 concilio
768 758 917 826 suspicatus

128 847 175 891 ιιι.
202 835 268 890 Eam
283 835 316 888 sd
338 834 529 889 illiberitanum
547 833 680 903 synodum
703 830 838 896 pertinere
855 843 917 884 cen·

128 922 156 961 stt
167 916 193 969 t,
210 905 238 961 in
255 921 308 972 qua
318 906 398 959 liuius
411 903 495 959 adluit
509 920 517 957 z
529 904 577 958 sed
594 903 664 957 nulla
678 905 779 965 pariter
791 899 916 971 probabi·

129 976 200 1031 litate
212 977 284 1039 barre
299 988 374 1029 suam
388 975 570 1043 coniecturam
585 971 732 1027 corastituir.
750 970 841 1039 Neque
852 984 916 1025 rcro

127 1044 440 1101 urnumuserumtaru
451 1043 588 1098 vindicam
599 1045 679 1099 rerba
692 1042 808 1098 Andr-ea
817 1040 916 1097 utrouu

128 1118 151 1173 in
168 1116 287 1170 coneilio
306 1115 463 1171 Florentino
484 1114 630 1184 descripta,
654 1124 707 1168 act.
731 1114 760 1176 i,
784 1110 916 1168 Ferraria

128 1187 225 1251 babitu,
239 1187 288 1242 sed
303 1186 392 1256 potius
402 1186 567 1255 impugnant.
586 1185 648 1238 dats
662 1187 776 1253 ρηίιιιιιι
786 1184 914 1251 aquodam

127 1255 417 1328 (querebaturque,
427 1256 583 1327 mallentin
594 1255 687 1325 synodi
700 1254 832 1308 eslcbrotoe
844 1260 914 1317 snut,

126 1329 268 1383 mitratur
286 1328 408 1381 adimo
429 1325 541 1380 Punlnnr
566 1325 782 1393 samosatenum,
805 1324 916 1395 Aarproe

127 1408 211 1452 rantra
236 1414 280 1453 eos
300 1398 344 1468 qui
358 1414 409 1451 aaa
429 1396 598 1464 succinebant
616 1395 763 1450 accederitcs
775 1394 810 1447 cd
821 1395 913 1462 adem,

125 1469 189 1538 prad
201 1465 335 1523 curtrruu
348 1469 514 1537 abnegassent
528 1482 573 1537 prr
586 1473 723 1533 tormenta,
737 1474 761 1518 st
777 1463 917 1519 uerari-

125 1554 171 1592 ιιι
188 1539 282 1605 tertia,·
300 1555 365 1604 qnos
384 1554 470 1591 orrrncr
490 1537 713 1608 synodos-reecpit
731 1534 845 1605 sptrodtn
863 1534 915 1589 nr·-

125 1624 202 1663 caerrs.
221 1612 278 1663 ijtsi
294 1609 366 1664 enirn
383 1609 427 1662 bic
445 1609 523 1663 valate
539 1608 675 1663 recentior
693 1606 854 1676 episcopus,
868 1607 913 1675 qui

969 477 1029 530 dica
1047 490 1080 531 oe
1095 477 1205 532 rerbuur
1224 480 1353 548 pidem,
1369 481 1394 534 bi
1411 481 1446 535 ab
1460 481 1519 546 ipso
1532 478 1614 535 dorio
1629 479 1761 548 postolos

968 545 1053 600 atl‘iiti
1068 546 1144 602 credi
1160 558 1281 616 possrnrt.
1301 551 1365 603 i'idrr
1379 555 1404 608 tu
1421 552 1489 606 banc
1499 565 1556 607 rem
1572 551 1645 618 plura
1662 549 1689 605 in
1703 550 1762 606 Vita

968 617 998 671 S.
1011 616 1119 675 basilii.
1132 633 1212 686 quam
1236 620 1286 672 l’i'.
1303 620 1468 676 benedctini
1492 620 1668 687 prestiterunt
1689 633 1762 675 tomo

970 688 1050 743 tectio
1075 687 1192 757 Operum
1212 691 1352 755 ejusdcm,
1368 709 1429 761 rap.
1450 694 1478 756 b,
1495 707 1523 745 ιι.
1539 693 1566 758 l,
1595 698 1611 744 tr
1629 688 1699 746 scd.
1713 691 1759 746 illa

970 772 1035 813 vcro
1049 760 1183 826 oppositio
1199 777 1258 830 quur
1274 763 1403 831 ingeritur
1418 777 1448 816 er·
1465 777 1498 818 co
1512 760 1584 830 quod
1606 761 1763 818 Eustatbius

968 827 995 882 in
1018 829 1147 901 synodica
1172 841 1338 886 memoratus
1357 848 1409 886 nou
1437 834 1587 901 appttanu
1601 834 1762 902 episcopus,

968 898 1080 953 minima
1099 907 1162 954 cst:
1183 905 1225 954 cui
1243 903 1362 966 prolecto
1377 904 1503 971 praratet
1525 904 1670 957 corrcord:a
1686 917 1763 957 erro-

967 983 1027 1024 rum
1046 970 1093 1038 rpri
1114 969 1141 1024 iri
1164 985 1194 1025 ea
1216 982 1343 1026 notamur
1361 988 1422 1028 cum
1438 972 1490 1028 iilis
1504 974 1548 1042 qui
1566 974 1696 1030 tssustattrir
1713 974 1762 1029 Sc·

967 1038 1073 1096 basiem
1093 1040 1232 1109 discipulis
1246 1043 1281 1095 ab
1293 1041 1443 1110 Epiphanio
1456 1043 1638 1099 ascribuntur.

1004 1111 1032 1166 5.
1046 1111 1103 1165 Non
1115 1110 1181 1166 levis
1195 1119 1286 1166 autem
1299 1112 1378 1184 buius
1392 1114 1532 1169 sentcntiae
1542 1113 1712 1169 rurrurrrrarto
1726 1130 1760 1169 cs

967 1180 1143 1251 inscriptione
1165 1197 1212 1238 seu
1234 1185 1390 1239 nominibus
1412 1185 1599 1252 episcoporum
1622 1185 1760 1258 synodicas

967 1251 1086 1320 praeusta
1100 1252 1190 1322 colligi
1205 1261 1303 1321 potest.
1320 1255 1382 1310 lino
1403 1256 1542 1323 inscripto
1557 1270 1609 1309 non
1630 1255 1717 1309 solum
1732 1257 1758 1309 in

968 1321 1074 1387 Greco,
1102 1338 1196 1377 rerum
1220 1325 1301 1378 e'iain
1328 1326 1354 1379 in
1382 1326 1548 1379 rur-crsasum
1568 1325 1758 1380 col'ectionunt

968 1404 1051 1462 atque
1063 1395 1215 1449 versionum
1230 1396 1430 1463 eremplaclbus
1444 1396 1563 1461 Latinis,
1577 1412 1635 1459 quze
1648 1397 1760 1468 synodi·

966 1476 1026 1517 cam
1050 1463 1205 1532 ptulerunt,
1231 1467 1345 1533 prinrrrm
1371 1467 1459 1522 lomim
1479 1467 1572 1521 trbui
1589 1468 1714 1522 Eusebio.
1730 1466 1757 1521 bt

967 1531 1060 1589 libello
1081 1535 1219 1605 synodico,
1242 1536 1286 1590 ubi
1309 1539 1343 1590 de
1356 1537 1504 1606 Gangreusi
1524 1550 1592 1591 conc
1604 1536 1611 1589 l
1624 1551 1640 1590 o
1653 1538 1757 1606 agitur,

968 1601 1054 1659 baecl
1091 1614 1171 1660 mitur
1189 1623 1196 1659 :
1215 1609 1286 1670 eia-r,
1310 1606 1386 1661 br'urn
1410 1610 1545 1679 presidem
1565 1607 1665 1661 liubut'l.
1691 1607 1758 1663 Cum

125 1680 149 1734 in
160 1695 189 1735 re
200 1681 314 1750 antiqua
328 1694 381 1733 non
393 1686 435 1733 est
450 1678 562 1733 idoneus
573 1680 663 1742 testis,
675 1676 819 1732 crediderit
834 1690 915 1748 syuo-
966 1687 1031 1729 cero
1045 1691 1080 1729 nu
1093 1675 1135 1730 lus
1158 1675 1238 1745 buprs
1258 1679 1374 1733 numinis
1397 1682 1541 1749 epscopus
1559 1680 1584 1732 iu
1599 1679 1704 1733 laudata
1719 1680 1759 1733 in·

124 1750 169 1804 dos
198 1751 308 1805 Niesrna
328 1750 480 1804 anteriores
505 1763 519 1801 a
547 1747 662 1803 Niconis
683 1746 807 1801 Patribus
830 1744 914 1803 luisse
966 1746 1114 1813 scriptione
1142 1748 1245 1815 uspiam
1271 1758 1387 1814 notetur,
1414 1749 1521 1820 qudam
1544 1753 1671 1814 sirspcati
1696 1761 1758 1804 snut

125 1830 256 1890 receptas,
264 1835 316 1874 uon
325 1829 414 1876 tamen
427 1823 589 1873 anteriorem
600 1817 709 1874 tradidit
718 1817 911 1888 Gangrensctn,
928 1787 1108 1884 Blegendum
1126 1831 1187 1872 esse
1203 1816 1312 1883 Osirim,
1327 1836 1406 1889 girant
1418 1834 1483 1874 sarie
1498 1823 1567 1874 intcr
1587 1819 1758 1885 Gangrenses

125 1891 320 1946 redarmatur
334 1905 394 1961 quaa
409 1904 472 1944 rere
482 1898 689 1958 precesserant.
966 1883 1060 1941 Patres
1075 1887 1101 1940 iu
1116 1887 1209 1943 eadcrn
1225 1889 1401 1955 inscriptione
1420 1894 1566 1947 recensitos
1579 1893 1677 1961 vulgari
1692 1906 1758 1944 curr-

156 1964 183 2017 3.
197 1962 256 2016 Ηιι
279 1962 360 2030 igitur
375 1960 432 2015 Osii
452 1960 657 2015 interlocutione
677 1958 807 2026 seposita,
828 1957 914 2027 major
964 1956 1087 2012 ciliorum
1102 1973 1135 2012 es
1150 1958 1184 2013 aii
1207 1974 1240 2013 uo
1250 1961 1344 2015 codice
1356 1959 1510 2026 praeierunt.
1526 1977 1585 2014 sc:
1604 1964 1680 2015 ostar
1694 1962 1758 2015 Car-

124 2030 188 2087 fides
198 2032 323 2087 habenda
334 2040 375 2086 ert
385 2031 515 2086 notationi
528 2031 673 2095 clirontcae,
685 2044 736 2099 qua
748 2029 913 2097 Gangreusis
963 2024 1083 2082 citriensis
1092 2026 1178 2099 (Toni.
1187 1975 1221 2082 lt
1231 2031 1293 2084 edit.
1310 2031 1386 2094 Veri..
1395 2031 1447 2090 acl.
1457 2031 1529 2102 tub).
1542 2036 1575 2086 ut
1590 2032 1758 2103 bujossyrro·

123 2102 241 2173 modus
260 2101 369 2158 utrem
395 2102 528 2171 posterior
548 2102 715 2171 agnoscitur.
740 2098 833 2170 Neque
855 2097 913 2156 baec
963 2094 1031 2151 dicre
1049 2097 1170 2152 Grmerrm
1190 2110 1292 2156 testum
1309 2099 1461 2167 bairemns,
1485 2117 1517 2155 ae
1537 2103 1605 2156 alnas
1625 2115 1756 2172 practerea

123 2175 259 2228 saumario
277 2172 436 2240 posterioris
453 2170 567 2241 alicujus
588 2171 672 2226 Latini
692 2170 794 2242 librarii
809 2169 914 2223 addita·
962 2167 1105 2223 versiones
1128 2167 1302 2225 isidorianam
1324 2181 1351 2226 et
1375 2176 1500 2240 precam.
1522 2172 1666 2244 Dionysius
1684 2175 1756 2226 euim

123 2254 211 2299 meato
231 2244 372 2298 tribuenda
394 2251 445 2297 est.
465 2241 531 2296 curu
552 2245 624 2296 enim
643 2240 716 2307 brec,
742 2255 795 2295 nou
823 2241 912 2295 minus
963 2238 1120 2308 synodicam
1146 2239 1252 2306 omisrt;
1283 2242 1308 2294 iu
1338 2241 1470 2296 llaririaua
1497 2256 1562 2297 roro
1585 2243 1755 2307 collectione,

123 2328 198 2382 qoam
213 2314 275 2370 alias
290 2313 349 2368 dure
359 2311 506 2368 centonibus
520 2311 669 2384 turpans
679 2321 759 2379 atque
769 2308 912 2366 usuraru-
962 2321 1025 2376 (ιιι
1039 2322 1156 2364 mounes
1167 2325 1200 2365 er
1218 2310 1346 2383 Dionysio
1357 2313 1469 2380 recepit,
1484 2314 1610 2384 synodica
1626 2328 1657 2368 er
1673 2312 1757 2368 inter·

123 2385 254 2440 ricusibus
278 2382 418 2452 prauae,
440 2380 535 2437 eodem
554 2396 656 2449 seusu,
673 2382 735 2438 licet
748 2381 809 2436 abis
831 2390 912 2450 atquc
964 2380 1116 2445 pretat‘oue
1134 2378 1280 2435 isidoriana
1300 2381 1388 2436 addita
1411 2383 1468 2437 init.
1487 2388 1569 2437 torro
1587 2382 1642 2439 Osii
1658 2397 1756 2438 nornen

122 2451 179 2508 aliis
190 2455 296 2516 verbis,
311 2453 405 2508 Latine
418 2451 521 2508 reddita
537 2452 690 2508 inveniatur
703 2453 730 2506 in
745 2451 829 2505 tribus
842 2453 913 2505 anti·
963 2461 1018 2502 non
1034 2449 1120 2504 solum
1141 2451 1219 2505 sbrst
1240 2455 1275 2503 alr
1294 2454 1389 2521 origin.
1399 2453 1417 2508 li
1437 2452 1552 2516 Graeco,
1566 2457 1756 2509 verumetiam

121 2526 177 2591 ipris
196 2524 315 2580 diversae
327 2524 735 2593 originisinterpretationibus.
752 2521 909 2587 isidoriana,
961 2519 996 2572 sb
1007 2518 1202 2587 antiquissimis
1211 2532 1239 2576 et
1257 2523 1490 2584 irrestaminribus
1506 2524 1644 2579 rodssrrnus
1658 2526 1757 2580 utrius·

121 2595 207 2661 prisca
224 2610 253 2651 et
267 2596 439 2667 Dionysiana,
454 2608 512 2650 eam
524 2608 539 2647 ι
551 2593 818 2664 prirnigenioGraeco
829 2607 912 2647 cauo·
962 2602 1016 2713 quc
1030 2593 1162 2670 rorsiousss
1175 2592 1331 2648 isidorianae
1345 2603 1374 2649 et
1395 2595 1505 2661 priscae,
1522 2596 1605 2649 imino
1625 2598 1706 2650 etiam
1721 2598 1756 2649 air

120 2678 183 2720 sum
194 2666 291 2722 codice
308 2665 441 2738 proficisci
451 2705 459 2729 ,
470 2679 502 2720 ac
516 2665 543 2719 in
557 2667 615 2732 ipso
632 2679 647 2718 a
662 2663 747 2720 tribus
760 2663 814 2717 illis
829 2663 912 2718 imer-
961 2657 973 2713 l
986 2659 1104 2716 adrianis
1118 2676 1187 2731 quos
1201 2662 1326 2720 conieci-e
1340 2666 1414 2720 tirno
1430 2683 1436 2718 :
1450 2680 1482 2720 er
1500 2667 1598 2734 quibus
1611 2671 1756 2736 episcopo·

120 2735 243 2877 fretibus
262 2734 347 2793 luisse
366 2738 503 2791 inventam
521 2735 635 2790 dubitari
651 2736 753 2804 nequii.
770 2733 798 2788 ln
810 2733 911 2788 Grecis
961 2744 1021 2783 rum
1037 2730 1144 2786 nomina
1158 2732 1348 2792 describuntur
1360 2745 1424 2790 tom.
1438 2735 1469 2798 tt.
1483 2738 1579 2801 conc„
1591 2751 1613 2792 cr
1625 2736 1716 2801 ldis,
1728 2751 1754 2793 a.

131 2803 208 2877 ιιιι]
228 2806 337 2877 quidem
359 2807 405 2875 qui
425 2806 718 2875 supersunteodicibus
732 2818 864 2860 canonum
879 2817 910 2859 ea
961 2796 1060 2856 Conler
1086 2817 1143 2858 nor.
1165 2804 1182 2859 9
1203 2805 1229 2859 iu
1255 2819 1314 2874 cap.
1339 2805 1356 2860 l
1376 2806 1483 2862 Codicis
1504 2821 1654 2874 carruuoru,
1677 2823 1756 2875 quern

119 2879 269 2932 annotatio·
283 2878 372 2932 adbuc
388 2876 493 2946 legitur,
518 2890 578 2945 quae
599 2891 666 2933 sane
692 2890 745 2931 nou
766 2891 783 2930 c
808 2873 911 2929 bannis
962 2868 1101 2953 ltoctomo
1116 2873 1227 2929 edemus
1241 2877 1293 2930 col.
1310 2874 1372 2933 tut.
1389 2878 1445 2933 Etsi
1467 2878 1547 2947 igitur
1559 2882 1584 2932 iu
1600 2877 1692 2946 aliquo
1707 2895 1756 2946 po·

119 2947 322 3016 exemplaribus
342 2948 368 3003 in
382 2945 505 3003 Graecum
520 2947 652 3012 traducta,
667 2946 714 3003 scd
729 2961 762 3001 er
777 2947 911 3015 antiquio·
961 2942 1069 3023 sterturi
1082 2945 1176 2999 codice
1190 2946 1358 3002 collectionis
1369 2948 1534 3018 tidericum,
1551 2953 1591 3005 rel
1605 2950 1756 3012 llartriuuae,

119 3016 308 3074 purpuraria
323 3033 387 3073 mss.
399 3025 504 3082 sumpta
525 3019 706 3088 cognoscitur.
720 3016 785 3086 Quis‘
797 3016 839 3071 iris
853 3031 912 3071 om·
961 3014 1482 3087 cupusmeunoiurutganscoruuiorum
1491 3019 1560 3073 lacta
1570 3035 1622 3074 noo
1632 3019 1691 3084 tuit,
1701 3020 1758 3075 0sii

118 3091 197 3144 nibus
219 3099 250 3146 et
268 3089 373 3145 Latinis
395 3099 424 3144 et
441 3089 543 3144 Graecis
564 3089 695 3157 cremplis
716 3087 910 3155 proiciendum
964 3082 1759 3159 nomeulegatur,nibiltamendubitandumesrquinprater

118 3161 257 3215 eristimct
278 3176 360 3216 unum
377 3158 569 3216 corbeiensem
591 3158 713 3214 Latinum
728 3159 868 3224 codicem,
883 3166 911 3214 et
924 3155 947 3219 C
962 3152 1049 3236 Grfeci
1075 3165 1164 3211 textus
1185 3169 1212 3213 et
1234 3159 1347 3215 alorum
1362 3161 1486 3218 cudicmu
1501 3162 1570 3216 Latii
1581 3177 1659 3217 orum
1678 3161 1757 3217 sulem

118 3247 141 3281 ru
155 3232 355 3287 erlocutionem
368 3229 423 3286 0sii
440 3232 467 3284 in
481 3245 514 3285 eo
535 3230 717 3300 descriptam,
735 3229 912 3299 qusaliquot
963 3231 1114 3295 cujuspiam
1139 3228 1241 3285 librarii
1263 3232 1375 3286 arbitrio
1399 3233 1532 3288 insertum
1557 3233 1647 3288 luerit.
1673 3232 1758 3301 liujus

117 3300 315 3367 suppositionis
327 3301 434 3357 iudiciis
447 3302 544 3356 aurati
558 3301 650 3422 Neque
665 3314 729 3356 cero
743 3299 912 3355 collectionis
963 3297 1071 3365 quidem
1082 3296 1256 3377 additamenti
1270 3301 1334 3356 iilud
1348 3304 1427 3358 etiurrr
1441 3302 1567 3358 indicium
1582 3318 1642 3358 csso
1657 3314 1754 3372 potest.

118 3371 295 3429 iirrbciensis
316 3371 502 3441 antiquitatem
519 3386 579 3426 cum
622 3371 802 3425 .Cous:autio
817 3373 913 3426 olrtrn·
962 3369 1109 3435 quodcum
1127 3371 1171 3422 abi
1194 3371 1314 3441 episcopi
1330 3376 1389 3428 sirrc
1403 3375 1521 3427 eirsstatis
1537 3375 1645 3429 uurrriue
1669 3376 1694 3427 in
1717 3378 1758 3427 tn·

116 3440 173 3496 ιιι.
194 3443 266 3497 Cum
291 3443 364 3496 euim
388 3443 413 3497 in
441 3456 483 3510 ea,
506 3450 535 3496 ut
558 3440 637 3509 pauiu
658 3451 721 3496 ante
747 3440 910 3506 monuimus,
962 3438 1113 3505 scriptione
1129 3439 1319 3507 proferantur,
1335 3442 1431 3500 insolo
1444 3442 1509 3499 Osiu
1524 3444 1694 3502 Cordabrruis
1710 3459 1757 3512 pa-

117 3510 218 3567 ttrcaeui
232 3528 352 3567 canones
363 3526 395 3568 et
409 3510 569 3583 Dionysiana
584 3514 708 3568 rers'ouc
719 3512 909 3578 producantur,
958 3509 1135 3581 troopnicum
1150 3525 1250 3567 nomen
1274 3522 1391 3568 notetur.
1413 3513 1481 3570 Cum
1503 3530 1568 3586 ergo
1587 3517 1668 3570 lisias
1689 3516 1757 3570 inter

117 3580 174 3638 bac
199 3584 377 3640 corbeiensis
397 3583 521 3638 collectio
542 3586 674 3651 posterior
684 3592 726 3638 est
747 3582 838 3651 utique
854 3582 911 3652 ipsa
963 3575 1059 3633 Patres
1073 3579 1244 3649 Gangrenses
1255 3583 1414 3640 referendus
1432 3602 1485 3641 nun
1497 3591 1549 3651 sit,
1565 3588 1590 3639 iu
1603 3583 1694 3639 libello
1707 3585 1757 3656 Sg·

117 3654 244 3711 tersione
267 3654 407 3725 Dionysii,
428 3653 526 3710 nedum
551 3652 700 3706 isidoriana
713 3659 741 3707 et
753 3651 855 3717 Prisca,
879 3666 912 3707 ac
963 3647 1061 3730 bodico
1075 3663 1128 3703 non
1143 3649 1206 3715 ilar,
1220 3652 1268 3707 sed
1282 3655 1338 3727 βίον
1353 3656 1446 3711 mutiie
1461 3655 1539 3726 [xxvi
1554 3657 1681 3724 scriptum
1695 3669 1756 3710 cre·

116 3724 203 3779 multo
230 3725 318 3792 magis
340 3723 463 3793 originali
490 3721 583 3777 codice
606 3722 719 3787 Gruco,
746 3735 779 3777 et
802 3736 856 3789 quo
879 3735 911 3777 ea
963 3717 1053 3773 dimus
1074 3733 1123 3785 pro
1142 3723 1278 3788 Eirieus,
1302 3723 1439 3778 Eusebium
1453 3740 1464 3779 .·
1478 3725 1556 3778 cu'us
1578 3739 1643 3779 sarto
1659 3739 1756 3779 nonreu

116 3798 257 3849 saumario
279 3794 307 3848 iu
334 3796 443 3850 easdem
458 3794 598 3848 versiones
624 3792 759 3857 manarii3
787 3805 838 3846 nec
860 3792 912 3847 ulla
962 3789 1168 3845 enunciari
1186 3800 1215 3846 et
1235 3793 1320 3848 tarini
1334 3809 1429 3851 omnes
1448 3803 1508 3851 cata
1521 3795 1581 3865 ogi,
1595 3809 1643 3850 seu
1658 3796 1756 3850 inscri-

117 3866 362 3934 ratioesscpotest
381 3865 416 3919 ob
433 3878 513 3934 qnam
533 3862 710 3919 bisonruibus
730 3861 912 3917 anterioribus
962 3859 1177 3927 ptionesornucs
1196 3862 1493 3932 primurrrrererrseaut,
1509 3864 1758 3931 nuncuparetur
1793 3920 1796 3929 ,

117 3934 234 3989 testibus
256 3949 318 3990 eam
342 3935 506 3990 notationem
532 3932 709 4003 probantibus
740 3931 912 3989 corbeiensis
962 3930 1059 4052 sgnudi
1082 3933 1218 4011 presideat
1232 3933 1294 4002 juce
1319 3936 1491 4003 arbitramur.
1517 3936 1568 3993 llic
1588 3934 1679 3990 auum
1702 3951 1756 3992 uon

165 4006 255 4060 terior
266 4005 391 4061 collectio
403 4004 579 4060 anteferenda
594 4004 639 4059 sit.
652 4002 738 4059 immo
753 4018 818 4060 rero
828 4004 912 4059 inter·
962 4013 1033 4054 arus
1054 4000 1137 4056 luisse
1159 4002 1265 4060 ridetur
1279 4007 1329 4059 rrtsi
1350 4006 1481 4063 Eirselrius
1501 4007 1631 4062 cesarea
1650 4005 1757 4076 eappa·

125 4075 217 4130 ocutio
230 4076 300 4141 osii,
314 4090 374 4146 que
385 4075 434 4131 bac
449 4077 505 4131 sola
517 4075 677 4132 collectione
690 4073 809 4138 inicitur,
826 4088 859 4130 es
873 4083 913 4130 tot
962 4069 1048 4125 docinr
1071 4072 1224 4140 episcopas,
1239 4076 1284 4145 qui
1298 4090 1358 4131 cuur
1371 4091 1405 4132 ex
1420 4092 1478 4133 snm
1491 4077 1564 4133 sedis
1579 4079 1757 4145 praerogativa

114 4145 304 4201 anterioribus
327 4146 441 4202 testibus
464 4150 508 4215 qui
523 4146 706 4217 Gangccnsem
720 4146 851 4217 synodum
865 4145 913 4200 Ni·
963 4141 990 4195 ln
1005 4148 1061 4196 tota
1076 4144 1187 4199 diecesi
1208 4145 1339 4214 Pontica,
1354 4162 1387 4201 ac
1398 4148 1513 4217 proinde
1529 4153 1555 4203 in
1573 4146 1755 4217 Paphlagonia

114 4229 191 4270 caeos
204 4216 383 4286 posteriorem
404 4217 601 4286 prodiderunt,
615 4216 785 4284 supposititia
802 4214 911 4270 criden·
962 4219 990 4293 et
1005 4214 1132 4267 Armenia
1156 4215 1300 4283 primatum
1322 4227 1447 4287 gereret,
1472 4219 1620 4289 Gangrensi
1642 4218 1758 4274 ennodio

115 4285 169 4341 tius
192 4287 387 4355 cogomutur,
402 4287 534 4355 siquidem
552 4286 724 4357 Gangreuses
744 4299 864 4341 canones
884 4286 910 4340 in
961 4283 1084 4351 ejusdem
1099 4284 1223 4340 dioecesis
1234 4288 1351 4357 praefuit.
1365 4288 1447 4359 ttaprs
1459 4301 1550 4345 antem
1564 4301 1629 4343 artas
1639 4290 1758 4344 correirrit

114 4354 228 4411 dicens
243 4358 328 4412 lectos
340 4368 368 4412 et
380 4359 530 4415 anteriores
544 4357 677 4428 indigitat,
696 4366 724 4411 ut
735 4356 766 4413 P.
782 4357 913 4413 Constao·
962 4366 1024 4407 cunr
1039 4354 1171 4408 Eustatbii
1194 4356 1335 4413 sebasteni
1356 4373 1389 4412 ac
1403 4360 1597 4428 discipulorum
1617 4363 1675 4428 elus
1689 4369 1759 4416 tcm-

115 4428 168 4481 tios
178 4429 374 4494 interpretatus
388 4434 441 4484 esi.
997 4437 1030 4505 re
1043 4440 1049 4476 :
1061 4440 1177 4494 cumque
1192 4428 1263 4482 idem
1286 4428 1416 4484 Eusebius
1430 4432 1459 4484 S.
1476 4431 1568 4485 baruti
1583 4432 1669 4499 lingui
1685 4432 1757 4486 cclc-

147 4495 178 4553 ι.
194 4496 268 4564 Quid
278 4497 350 4568 quod
362 4499 484 4555 eamdem
494 4499 661 4555 notationem
675 4498 828 4553 ebrouicam
843 4504 950 4566 oon-1)
982 4508 1020 4549 ιιι
1036 4495 1134 4561 praeder
1143 4509 1221 4552 essor
1245 4497 1439 4555 Caesariensem
1464 4500 1557 4557 sedem
1584 4501 1701 4557 tenuerit
1723 4502 1758 4557 ab

115 4566 289 4623 irinautduo
300 4568 387 4623 Greci
398 4570 553 4639 scriptores,
563 4570 688 4626 Socrates
698 4569 910 4636 etsoaomenus,
963 4579 1008 4619 stt.
1026 4565 1080 4619 562
1095 4565 1127 4619 ad
1141 4580 1185 4620 ao.
1201 4569 1268 4633 stu,
1283 4570 1351 4624 iutra
1375 4570 1427 4627 lroc
1441 4572 1557 4639 spatium
1572 4570 1629 4627 Gau
1650 4586 1756 4627 renscm

116 4636 173 4692 Gau
247 4638 563 4721 sisquesgnoditempns
578 4655 631 4697 non
648 4638 911 4709 tanrtttrarrroquaru
963 4635 1096 4706 synodum
1119 4636 1240 4692 babilam
1266 4638 1348 4696 inimo
1363 4657 1416 4696 nun
1442 4645 1575 4699 immerito
1596 4587 1757 4711 adfligimur.

8 4700 13 4723 *
115 4706 150 4763 sa
187 4710 276 4765 irensi
295 4713 410 4765 concilio
431 4712 562 4779 posterius
584 4711 728 4766 csscsatis
749 4710 912 4766 declararit
962 4704 1458 4777 itaquideruSocratisacSoacmcui
1474 4714 1758 4780 rerriunumcun·

115 4775 181 4833 Tota
205 4780 267 4835 bac
292 4784 407 4849 quaestio
428 4795 461 4836 er
487 4794 520 4835 ea
544 4781 653 4849 pendet,
676 4783 800 4850 quisnam
829 4778 912 4836 luerit
964 4777 1013 4830 tbii
1028 4789 1056 4831 et
1069 4779 1177 4833 eusebii
1193 4791 1308 4850 tcurpns,
1323 4784 1407 4839 libelli
1422 4783 1588 4856 Syrrndciet
1603 4786 1757 4851 inscripto·

115 4845 287 4915 Emistbius,
301 4851 387 4918 quiin
402 4851 531 4921 synodica
545 4850 748 4922 Gangrcnsibns
760 4851 911 4908 canonibus
963 4848 1005 4902 nis
1021 4861 1068 4905 seu
1078 4850 1192 4921 catabrgi
1205 4864 1394 4920 episcoporum
1408 4858 1475 4910 ordo
1489 4855 1573 4925 probe
1583 4856 1757 4923 circumdant,

113 4921 228 4986 praebxa
252 4921 328 4977 etad
345 4921 480 4977 Armenia
494 4923 635 4993 episcopos
658 4922 755 4989 scripta
775 4934 909 4977 memora·
963 4918 1160 4989 rerisstuarpre
1184 4924 1317 4979 evincitur
1338 4940 1369 4980 ca
1394 4927 1523 4981 cirrunica
1547 4931 1685 4981 srruotariu
1707 4941 1758 4996 qua

113 4998 169 5044 ιιι.
184 4990 292 5046 omnes
305 4993 404 5059 antiqui
424 5001 571 5058 scrptores
586 5010 646 5048 cnm
668 4991 865 5062 Socrateltil.
876 5006 908 5061 n,
962 4987 1135 5058 Gangrcnses
1168 5005 1289 5050 canones
1319 5005 1381 5065 port
1413 4996 1539 5053 Nicaenos
1568 4998 1670 5054 cunriiti
1702 5008 1757 5050 tra·

112 5074 137 5113 r.
151 5059 202 5125 ὦ)
225 5070 256 5115 et
273 5060 424 5118 S‘comeno
438 5061 508 5129 (tit.
527 5077 564 5125 ni,
588 5080 611 5117 s.
632 5064 676 5119 lli
693 5066 857 5119 correuiuot
881 5063 910 5119 iu
961 5059 1073 5116 duntur.

110 5132 549 5210 semendoeartaunoepncopo
562 5133 728 5202 sebasteno,
745 5133 910 5204 quiquidem
996 5131 1024 5186 6.
1050 5130 1260 5191 ΙΙιιιιιιιῑιιιιίι
1295 5152 1326 5190 na
1342 5137 1474 5210 synodum
1488 5138 1671 5209 carpenum
1688 5135 1759 5189 loca·

109 5212 138 5252 ta
165 5203 365 5259 Amneniasub
386 5206 505 5260 aredium
526 5215 649 5273 quartum
673 5203 801 5260 menium
828 5204 907 5260 vixit.
962 5201 1137 5259 rimrrsiuter
1160 5220 1261 5261 anumn
1313 5210 1376 5264 'iet
1400 5211 1470 5270 bib.
1491 5219 1598 5276 recepta
1621 5205 1757 5261 luissets

110 5266 200 5327 l’crro
225 5271 390 5329 Sosorrrorrns
423 5274 592 5330 Eustatbium
622 5288 753 5331 excusare
779 5273 908 5341 ridetur,
962 5270 1105 5341 pluribus,
1121 5276 1173 5329 nisi
1188 5277 1337 5334 obstitisset
1349 5279 1417 5334 ordo
1430 5293 1563 5335 canonum
1576 5277 1663 5332 Greci
1682 5276 1759 5333 cudi·

110 5344 192 5407 quari
204 5358 260 5396 aua
276 5350 343 5413 ipsc,
357 5346 404 5400 sed
416 5346 539 5415 discipuli
551 5348 622 5415 eins,
635 5346 680 5416 qui
696 5347 722 5400 in
738 5355 829 5416 partes
839 5345 911 5401 abie·
962 5344 1021 5408 cis,
1046 5344 1141 5413 inquo
1162 5346 1333 5416 Gangreuscs
1353 5350 1529 5404 antiochenis
1548 5348 1759 5415 prauunuurur.

111 5420 195 5477 raus,
211 5414 311 5470 trierim
324 5431 416 5471 carum
433 5417 566 5472 heresum
580 5428 748 5482 assertores,
763 5432 823 5485 quar
837 5416 863 5471 in
876 5431 909 5472 ca
962 5412 1032 5469 binc
1052 5416 1125 5468 eninr
1150 5419 1321 5474 ttrrtioctreuo
1342 5420 1458 5474 concilio
1480 5421 1633 5476 anteriores
1652 5418 1759 5476 dicendi

110 5485 220 5551 spendo
242 5486 429 5543 corrdcmnatae
452 5495 530 5553 sunt;
553 5488 743 5558 synodicamque
767 5495 910 5543 contestor
963 5483 1106 5551 ridentur,
1122 5489 1192 5553 quoi
1213 5503 1272 5541 curu
1295 5487 1402 5544 Eusebii
1417 5489 1593 5547 cesariensis
1614 5491 1641 5546 itt
1656 5490 1760 5561 Caprpt·

109 5555 179 5607 buic
206 5555 420 5627 irucrpretatroni
444 5556 536 5623 lacet,
560 5568 693 5629 rprateuus
716 5553 918 5613 Eristitbiauos'
962 5554 1058 5618 «lucit.
1073 5563 1101 5607 et
1119 5555 1249 5611 Eustatbii
1273 5558 1414 5615 Sebasteni
1436 5576 1495 5616 ιιι»
1510 5578 1677 5633 nequaquam
1694 5577 1760 5615 con·
1798 5560 1801 5567 '

111 5625 284 5690 monimum
311 5629 478 5696 pmrptpgu,
502 5627 559 5683 {prs
581 5631 650 5683 iuter
673 5630 702 5685 S.
729 5627 907 5696 Epipbauiur,
962 5626 1037 5680 cinit.
1058 5625 1447 5697 aerumnarumque
1465 5632 1664 5690 urtteurouuuu
1683 5629 1759 5699 (Νιι.

109 5695 214 5776 bam.
228 5698 280 5764 75,
295 5701 420 5755 nominat
432 5699 553 5763 Aetium,
569 5699 674 5770 'ipsique
687 5715 752 5753 sacre
768 5700 861 5768 plures
874 5716 908 5756 ex
962 5695 997 5749 bi
1012 5704 1036 5750 cl
1048 5698 1093 5752 28.
1109 5697 1136 5750 lit
1151 5696 1182 5753 S.
1199 5698 1299 5767 ilarii,
1314 5711 1376 5756 lum.
1394 5703 1441 5775 ΙΧ)
1460 5703 1581 5774 aliusque
1600 5702 1689 5770 magui
1711 5718 1760 5757 titt·

108 5762 157 5820 bas
176 5769 311 5828 erroribus
324 5772 373 5843 qtti
389 5769 418 5825 in
433 5769 603 5841 caspaouira
625 5770 756 5827 ieritrntur
774 5772 909 5828 attribuit.
964 5768 1045 5824 urnis
1073 5769 1146 5826 ciros
1173 5784 1289 5830 martine
1316 5774 1415 5842 irrotit,
1441 5773 1519 5832 facile
1543 5774 1706 5831 discutietur
1725 5784 1762 5828 ex
