4000 6175
222 203 293 309 ttae

684 250 729 307 eb
747 249 861 307 beent
880 248 910 307 S.
931 247 1051 307 teonis
1071 248 1178 307 nient
1196 196 1382 313 tenedum

1792 244 1851 303 luet

222 360 291 416 sioni
314 362 396 416 ιοιιιιιι
419 373 566 432 cernensque
586 377 639 416 nort
662 377 716 415 esse
739 360 892 428 permissum
914 372 1010 426 agente
1025 366 1051 426 Α
1064 370 1141 416 tuere
1155 374 1208 415 nort
1223 367 1342 430 possent,
1355 373 1419 413 nee
1442 355 1546 412 latinia
1560 354 1692 428 isdicitctn
1714 353 1852 413 innocentii

223 431 340 495 i'alerio,
355 432 455 488 idcirco
468 432 601 494 lulianum
616 430 763 486 asseruisse
779 440 862 497 irritat,
879 430 941 499 qnia
958 431 1011 484 lio-

222 500 291 555 norii
304 502 432 566 etlictnrn,
443 517 496 571 quo
506 501 647 556 Caelestius
660 511 688 555 et
702 500 902 569 Pelagiuslirbe
915 500 1012 556 cedere

222 573 352 638 compulsi
365 581 436 632 suut.
450 571 569 637 ejusdem
583 571 679 626 Valerii
691 571 825 638 diligentia
837 569 939 626 seditum
951 570 1010 625 lan.

223 645 259 694 lit
277 657 367 695 nerine
384 643 525 696 Caelestttts
541 655 601 694 cunt
613 642 663 696 sub
673 640 782 696 Zositno
795 656 910 696 examen
925 642 1010 709 petiit,

140 739 146 746 „
223 713 307 779 primi
321 712 472 781 cognitione
486 713 535 768 luit
547 711 677 766 auditus?
696 712 791 767 Nonne
807 711 949 767 iterumad
965 725 1012 763 aii·

222 780 350 834 dicatam
374 794 482 836 vocatus
504 790 565 849 pon
590 782 721 850 rescripta
746 780 887 845 Africana,
916 784 1011 836 iterum

222 865 333 905 oxomen
348 850 441 906 luisset
456 853 616 921 institutum,
633 853 683 907 taisi
705 853 751 908 iile
766 867 818 906 non
835 851 894 921 lege
909 852 1011 921 pois-is,

223 923 270 976 sed
283 926 320 973 nit
333 923 409 977 malae
431 922 491 976 lidei
506 924 696 978 coirscieutiam
717 932 745 977 ct
760 924 931 990 pertinaciam
952 936 1013 976 sese

223 989 395 1046 subduxisset
417 991 551 1047 etantinil
572 993 654 1118 87?
674 993 814 1059 Quomodo
833 1008 897 1060 ergo
910 994 943 1044 de
963 995 1014 1045 itae

224 1060 344 1114 dubunt
358 1064 483 1117 notitione
495 1062 612 1117 scribere
648 1064 752 1118 elianus
768 1062 863 1127 potnit,
877 1062 1012 1116 Valerium

224 1144 270 1181 nec
284 1131 459 1200 disceptationi
474 1142 572 1204 tentpns
586 1144 632 1187 ant
653 1133 739 1187 loeson
760 1133 924 1202 permisisse?
944 1132 1012 1199 Qote

224 1201 295 1265 quod
318 1204 385 1254 batte
406 1217 502 1256 nonaria
527 1203 807 1268 discussionemque
826 1201 1012 1257 attteTracto·

225 1283 292 1323 rtam
304 1282 331 1323 ot
345 1272 429 1341 legent
446 1273 598 1345 petitaluit.
614 1287 682 1328 unus
703 1271 846 1327 Caelestius
859 1273 1012 1338 postularit,

224 1353 338 1410 eamque
350 1357 401 1396 uon
415 1343 449 1393 ab
461 1344 632 1409 itnperatore,
643 1344 690 1398 sed
701 1359 716 1397 a
727 1342 835 1397 Zttsitno
847 1343 938 1410 petiiti
950 1342 1012 1396 Eam

224 1413 433 1479 narnensem
452 1410 573 1466 Valerius
595 1414 731 1481 opptsuit,
755 1413 844 1480 planes
859 1412 1014 1480 Pelagianos

224 1479 259 1531 ιιι
275 1480 435 1547 insuperatore
449 1481 599 1549 postulasse
612 1497 644 1536 ex
660 1485 771 1538 recittto
783 1482 881 1537 iuliani
897 1491 969 1538 testu
984 1483 1014 1535 li-

224 1559 298 1614 quct.
313 1550 356 1605 Ab
368 1551 531 1617 trapetamre
544 1562 633 1606 antem
648 1553 731 1620 ipsam
747 1568 800 1608 non
821 1553 953 1620 petieram
964 1552 1015 1607 Pe·

226 1618 332 1688 legioni,
349 1620 398 1675 nisi
415 1631 554 1689 postquam
575 1620 672 1676 Zositni
694 1638 808 1678 esanten
832 1637 863 1676 nc
882 1623 1011 1685 iudicium

1063 431 1195 485 sententie
1219 429 1377 483 cantuarium
1403 428 1536 495 prodiret,
1561 425 1677 497 sedique
1701 427 1854 493 apostolice

1064 499 1150 554 labem
1164 510 1190 554 et
1203 499 1328 555 Ecclesia
1340 513 1464 566 magnum
1477 496 1632 552 scandalunt
1646 497 1854 556 insomniique

1063 571 1127 639 ip-is
1151 571 1328 625 tantominus
1353 578 1412 624 erat
1435 569 1618 631 metuendum,
1643 567 1743 636 qnippe
1760 569 1854 634 qniluts

1063 652 1164 698 certum
1189 649 1248 694 erat
1260 639 1330 709 qnod
1341 639 1376 693 de
1388 638 1481 694 eadem
1494 637 1557 692 sede
1570 638 1735 705 Augustinus
1747 637 1856 694 nstitit

1064 710 1090 764 in
1103 710 1205 776 psalmo
1216 720 1308 764 eottlra
1321 719 1423 776 purtem
1442 708 1535 761 bonuti
1550 725 1557 761 τ
1573 705 1636 778 ipsa
1650 717 1687 762 est
1697 717 1854 778 petronnano

1064 797 1113 833 riou
1124 781 1228 834 vincunt
1241 781 1349 847 superbe
1374 781 1515 848 inferarum
1533 790 1611 848 partie
1627 779 1687 831 :nli
1710 792 1777 832 sane
1794 793 1853 832 earn

1064 865 1114 907 nec
1127 850 1259 911 Coelestii.
1274 865 1323 906 nec
1337 846 1436 919 Pelagii
1461 849 1531 903 dolis
1555 848 1650 903 rictam
1668 848 1738 903 idem
1759 847 1855 902 doctor

1065 922 1185 988 pluribus
1202 923 1226 973 in
1243 920 1310 975 locis
1336 931 1459 975 testatur.
1488 919 1519 973 lli
1534 934 1598 990 crgo
1613 927 1700 972 metus
1727 933 1741 971 a
1765 918 1853 983 Ques·

1064 992 1137 1046 ttello
1147 990 1281 1045 Africanis
1292 990 1375 1048 alden
1388 989 1565 1045 commentitii
1577 997 1649 1054 suni,
1663 1000 1691 1042 et
1711 987 1746 1043 ab
1760 1002 1854 1042 eurota

1064 1075 1144 1116 sensu
1158 1061 1237 1122 piane
1251 1061 1341 1115 alieni.

1100 1130 1220 1186 xxxvl.
1237 1131 1337 1187 Scribit
1353 1130 1398 1185 illc
1412 1131 1427 1202 g
1443 1128 1473 1182 lt
1500 1129 1640 1185 Africanus
1654 1129 1809 1182 iiiretleeiw
1822 1146 1856 1182 ec

1064 1201 1173 1261 epistola
1192 1199 1291 1255 Zosimi
1311 1218 1369 1256 eunt
1392 1203 1427 1255 ad
1445 1199 1595 1255 Coeiestiunt'
1608 1198 1793 1269 Peiuqlnrnqne
1806 1203 1854 1252 nb·

1063 1276 1197 1326 saliendos
1206 1271 1337 1342 festirure.
1348 1273 1525 1340 &cretumque
1533 1271 1603 1339 spel
1615 1286 1641 1323 se
1652 1271 1745 1322 babere
1754 1280 1855 1322 nemm-

1063 1342 1295 1410 quecommtntioni
1311 1340 1432 1396 Ecclesiae
1455 1340 1686 1410 existimationique
1707 1341 1853 1405 restituere,

1065 1411 1117 1464 nisi
1128 1412 1198 1465 intro
1209 1413 1273 1465 duos
1284 1428 1382 1466 mertam
1390 1420 1550 1465 mcusu‘ores
1565 1411 1671 1464 Romam
1681 1423 1853 1466 assumerent.

1065 1482 1249 1546 proderentque
1263 1484 1491 1536 accusationissutc
1500 1481 1582 1552 875
1593 1481 1687 1547 capita
1709 1479 1787 1533 Solus
1802 1480 1854 1533 Zo-

1065 1552 1126 1604 simi
1142 1552 1245 1607 lilteras
1269 1552 1373 1618 laudnt,
1390 1552 1416 1606 in
1440 1551 1534 1621 quibus
1549 1552 1599 1604 etsi
1620 1552 1711 1618 negari
1737 1561 1854 1616 nequent

1066 1620 1186 1689 pruina
1201 1622 1300 1692 aliquid
1314 1623 1429 1678 leuitinit·
1443 1636 1506 1688 erga
1529 1621 1694 1686 coelestium,
1717 1634 1749 1672 ae
1761 1621 1855 1672 diaria

225 1700 325 1753 praeter
348 1706 422 1759 spem
444 1691 620 1756 cotttrariam,
636 1693 800 1761 lionoriique
815 1694 900 1761 legent
919 1703 1014 1748 contra
1029 1708 1054 1768 gg
1067 1691 1141 1745 ribus
1167 1692 1325 1760 quibusdam
1343 1692 1582 1747 cerbisdlricanos
1593 1692 1679 1745 nonri
1700 1690 1855 1743 inconside-

224 1773 255 1813 ιο
268 1760 367 1815 editam
383 1776 502 1816 sensere.
515 1761 637 1816 Julianus
648 1762 758 1830 nitidem
771 1763 905 1830 insaniens,
919 1764 1014 1817 nastris

225 1830 386 1894 petitionibus
399 1831 464 1885 nibil
474 1830 546 1884 aliud
558 1848 636 1902 qaum
647 1832 705 1887 dari
719 1843 790 1887 tanta
804 1837 904 1898 nepolio
912 1833 1015 1905 judices

202 1905 207 1917 “
225 1899 438 1967 coniciebantur,
454 1904 522 1955 itanc
541 1917 636 1956 novam
648 1903 843 1958 discussionem
859 1920 888 1958 sc
908 1920 1015 1972 quoqne

224 1983 285 2022 cunt
297 1970 356 2024 aliis
370 1972 479 2039 petiisse
490 1971 631 2042 significat.
643 1972 714 2028 idem
728 1989 790 2026 terii
802 1990 879 2028 suurn
894 1988 1013 2028 errorem

224 2053 256 2091 ea
270 2040 376 2095 occasio
387 2058 410 2095 te
425 2042 511 2096 stilum
526 2042 662 2111 produxit,
677 2058 737 2098 cunt
751 2044 897 2098 iractorie
912 2043 1014 2098 Zosimi

224 2111 392 2165 suliscribere
412 2112 508 2167 rtnlnit.
527 2112 612 2168 Verbo
640 2129 704 2182 ergo
729 2113 785 2175 illa,
806 2114 903 2182 quibos
922 2130 1030 2179 emen:

224 2178 312 2234 clauda
330 2182 478 2242 contendit.
502 2199 559 2251 que
578 2184 784 2253 subreptionibus
796 2196 854 2238 acta
871 2185 1013 2248 constatior,

224 2247 325 2304 Zosimi
341 2252 506 2307 Tracteriata
523 2253 686 2321 llonoriiqne
700 2255 785 2322 legem
810 2254 896 2323 respic
908 2264 965 2313 ant.
981 2270 1013 2310 ac

224 2320 406 2400 subreptionis
418 2332 561 2388 ttet⁴asant3
575 2333 602 2378 et
616 2324 748 2388 Valerius,
763 2326 806 2394 qni
821 2324 872 2380 boc
886 2327 911 2380 in
932 2340 1015 2394 ttegtt·

224 2397 263 2444 tto
283 2392 430 2461 caliginare
443 2393 557 2455 obstitit.
578 2409 631 2448 non
647 2397 674 2449 in
691 2410 725 2449 eo
738 2396 851 2450 traditur
864 2397 1012 2463 olntitisse,

225 2469 256 2513 ut
276 2461 360 2530 legent
376 2463 519 2531 obtineret,
536 2463 584 2518 sed
599 2481 629 2518 ne
647 2466 716 2519 dsssee
735 2467 825 2519 lationi
849 2477 948 2534 tenipus
968 2477 1015 2521 aul

227 2535 297 2585 lactis
311 2533 500 2588 cotrcsdcretur.
512 2535 609 2588 'l'utum
623 2536 702 2617 igitur
716 2483 769 2590 flac
791 2538 887 2590 l‘actum
906 2552 939 2592 ac
963 2540 1013 2592 tria

225 2615 286 2667 ettae
299 2602 479 2659 obtruduntur
502 2605 641 2673 littgnstint
662 2604 813 2659 lestintonin
828 2605 861 2659 ad
876 2607 945 2661 idem
959 2611 1015 2662 ine·

226 2682 282 2725 tntn
298 2673 467 2740 pertinentia,
480 2691 539 2744 qaia
551 2675 722 2730 vindemialis
737 2676 854 2745 episcopi
869 2679 1014 2745 proiectio-

226 2756 287 2794 nent
303 2743 335 2797 ad
350 2744 517 2808 etttttitatmn,
532 2744 628 2800 Valerii
650 2746 755 2799 comitis
777 2749 847 2815 apud
870 2749 1013 2814 imperato·

226 2826 283 2866 reut
300 2816 475 2879 patrocinium
499 2816 628 2870 stitersus
651 2815 827 2886 Pelagianos,
855 2833 886 2871 ae
919 2818 1014 2876 littere

223 2884 344 2946 ejusdcm
359 2885 392 2939 ad
401 2887 577 2954 angustinum
591 2886 712 2955 aliosque
723 2887 863 2943 Airicanos
872 2889 1014 2960 episcopos

226 2954 350 3016 inuniunt,
368 2971 421 3009 non
436 2956 467 3010 ad
497 2956 661 3021 imperialem
678 2959 763 3026 legem
788 2957 842 3012 diei
857 2958 892 3012 ab
914 2960 1014 3027 Aprilis

1068 1763 1117 1814 ruti
1129 1762 1192 1828 seli,
1202 1761 1365 1818 curiositatis
1380 1763 1594 1830 intemperantis,
1609 1760 1777 1815 credulitatis
1790 1776 1855 1828 erga

1066 1845 1236 1888 decimatores
1255 1833 1435 1902 indignande
1455 1833 1599 1902 precipitio
1616 1831 1707 1898 ludicii
1731 1830 1857 1896 insenius

1066 1902 1221 1968 clariritatis,
1245 1918 1306 1959 enm
1336 1913 1424 1958 tamen
1449 1916 1541 1956 anisam
1565 1903 1681 1970 aliquam
1705 1901 1858 1968 prebuisse

1066 1972 1237 2028 eristimandi
1260 1973 1396 2029 decretum
1410 1974 1481 2038 apud
1503 1987 1534 2027 se
1560 1985 1622 2026 esse
1643 1970 1800 2026 Coelestinnt
1828 1980 1858 2025 cl

1067 2016 1201 2110 deingrato
1220 2043 1360 2098 absolvere
1379 2057 1471 2096 comra
1496 2043 1655 2096 ensentium
1680 2050 1856 2108 inmitemque

1065 2112 1290 2175 innocencium
1305 2112 1424 2169 ridemus
1443 2109 1539 2176 natibus
1550 2127 1583 2165 ex
1595 2112 1685 2166 verbis
1696 2113 1858 2167 earumdem

1066 2182 1215 2238 litterarum
1226 2184 1286 2238 elici
1300 2184 1394 2252 possit.
1417 2182 1485 2249 Quid
1501 2184 1584 2252 quod,
1595 2197 1648 2236 troo
1663 2183 1728 2235 solae
1743 2183 1856 2245 litterae,

1065 2252 1176 2308 seduna
1190 2270 1250 2308 cuttt
1264 2254 1359 2309 litteris
1382 2254 1482 2308 directa
1495 2254 1602 2307 luerunt
1616 2265 1630 2304 a
1644 2249 1751 2306 Zosimtt
1772 2254 1856 2306 etiam

1065 2333 1139 2448 qesta
1155 2325 1248 2394 prinu
1269 2321 1450 2395 cognitionis?
1470 2324 1531 2378 line
1555 2333 1646 2377 autem
1671 2339 1721 2391 qua
1749 2323 1858 2376 tatione

1087 2396 1207 2449 celestius
1232 2395 1410 2450 abstinentur
1441 2394 1535 2449 inisset
1563 2403 1643 2462 atque
1670 2394 1859 2447 contmnnioni

1065 2465 1248 2525 restituendus
1257 2468 1292 2518 itu
1302 2465 1483 2527 declarabunt,
1493 2474 1521 2518 ut
1533 2479 1563 2518 eu
1576 2463 1662 2518 tiincri
1675 2477 1728 2516 noti
1744 2472 1860 2532 possent

1065 2550 1125 2602 qun
1140 2534 1299 2603 Quesaelius
1319 2535 1448 2590 obtrudit.
1471 2533 1559 2590 Lectis
1584 2534 1691 2604 quidem
1715 2534 1749 2587 iis
1773 2534 1860 2603 gestis

1066 2604 1132 2659 niltil
1147 2607 1277 2674 ejusmodi
1293 2606 1379 2661 timuit
1394 2603 1530 2668 Paulinus,
1546 2604 1590 2674 qni
1607 2603 1659 2660 itoe
1675 2604 1769 2658 eudem
1787 2617 1857 2659 tetu-

1066 2690 1131 2743 pore
1155 2692 1187 2732 es
1205 2668 1290 2731 dirici
1321 2675 1439 2731 libellum
1467 2676 1499 2729 ad
1523 2677 1675 2744 pontilleem
1699 2673 1861 2730 liarceiiiun

1066 2744 1150 2800 dedit.
1167 2746 1250 2802 ltnmu
1265 2746 1298 2802 iis
1309 2746 1436 2802 llotnauis
1448 2746 1529 2816 gestis
1542 2746 1664 2807 edoctus.
1691 2759 1743 2798 nott
1767 2746 1858 2800 militm

1067 2814 1133 2870 nibil
1161 2827 1259 2880 tuctus,
1280 2818 1326 2872 sel
1348 2805 1489 2884 piurimum
1511 2815 1599 2883 gandii
1616 2817 1748 2871 incudem
1763 2815 1860 2870 liberto

1065 2887 1217 2955 expressit:
1232 2886 1313 2957 Cujus
1326 2886 1495 2954 (iunocentii)
1513 2887 1664 2940 sententian
1682 2896 1769 2938 secata
1800 2886 1860 2939 beu-

1066 2956 1147 3010 titudo
1161 2968 1216 3017 tua.
1228 2957 1353 3022 celestio.
1366 2974 1424 3010 cnm
1441 2974 1456 3020 e
1474 2956 1533 3011 sede
1554 2956 1695 3024 apostolica
1707 2956 1859 3021 audiretur,

225 3021 426 3089 attinuisset
442 3025 475 3078 ad
496 3036 620 3080 conatum
647 3027 847 3089 Peiapiunostttn
875 3030 931 3084 isa
955 3031 1014 3099 lege
1065 3026 1132 3081 iuter
1153 3029 1374 3101 craterapraeccpit
1396 3023 1703 3081 innutantissime
1718 3041 1781 3094 erpo
1808 3029 1862 3080 ille

226 3096 401 3166 punitorem
414 3097 576 3151 celetuulnr.
591 3097 733 3164 Perperatn
747 3114 811 3166 ergo
827 3044 1013 3165 i'iuifemialis,
1029 3082 1051 3146 C
1066 3100 1152 3153 dianio
1171 3115 1229 3166 quc
1248 3102 1274 3153 in
1288 3099 1375 3153 libello
1386 3098 1493 3152 Paulini
1506 3099 1679 3159 contuentur.
1698 3098 1743 3150 doc
1759 3110 1803 3150 est
1828 3101 1862 3151 ds

225 3166 270 3226 qui
285 3163 335 3217 bac
348 3164 434 3218 solnm
446 3167 587 3220 occasione
601 3179 801 3229 ittemoretur.a
816 3171 931 3225 concilio
945 3173 1016 3225 diri·
1067 3170 1269 3230 ernestioniltusl
1297 3189 1306 3222 ι
1329 3167 1362 3227 ιιι
1382 3170 1408 3222 in
1425 3168 1478 3222 alio
1495 3170 1564 3236 locq:
1583 3185 1592 3216 t
1607 3160 1749 3239 Copnocisti
1763 3183 1859 3237 «quates

218 3247 293 3289 ,sano
316 3237 371 3302 legn
386 3248 417 3287 ns
431 3235 513 3291 luisse
527 3236 559 3289 ad
574 3236 746 3292 obtinendam
761 3239 845 3307 legi-tn
867 3256 901 3296 ex
919 3241 1016 3297 iisdem
1068 3240 1163 3294 litteras
1178 3241 1275 3294 dederit
1291 3240 1363 3295 seder
1383 3237 1524 3292 ouostolica
1535 3240 1570 3290 ud
1585 3238 1677 3307 fratres
1691 3248 1715 3291 ιι
1725 3239 1859 3295 coepisco

227 3304 387 3357 aestimandis
400 3306 557 3362 traducitur.
693 3360 697 3368 ‚
1064 3302 1418 3372 pcsdsricanoeprociucioeit
1429 3306 1462 3361 Et
1481 3309 1610 3381 ‹adjectnm
1633 3317 1691 3361 est:
1717 3326 1726 3358 t
1742 3307 1862 3364 Demeas

263 3372 381 3428 titii.
398 3378 477 3442 Atqui
494 3376 562 3430 banc
575 3374 746 3431 vindemialis
768 3376 928 3443 legitimam
951 3396 1016 3437 con·
1066 3378 1223 3445 illcomniu,
1245 3395 1302 3449 quoe
1315 3378 1502 3443 dunanneintus,
1516 3388 1539 3432 et
1554 3389 1622 3432 tenes
1638 3383 1858 3449 quintanensium

226 3441 327 3498 brittani
340 3456 413 3507 qttttst
433 3447 594 3513 Quesnelins
618 3463 650 3501 ex
677 3449 891 3503 littttrinunitnria
914 3449 1014 3506 Zosimi
1067 3446 1101 3501 tn
1122 3449 1238 3502 iterum:
1258 3446 1331 3503 silla
1349 3451 1435 3503 omniu
1455 3449 1631 3519 desinasque
1640 3452 1738 3521 luctata
1751 3460 1816 3501 sunt
1829 3452 1862 3502 tie

225 3513 290 3566 drno
304 3516 355 3567 atili
370 3519 451 3570 ditem
473 3517 535 3570 ιιιιιιι
555 3518 618 3582 itti,
635 3534 688 3586 qno
704 3518 804 3572 ideirco
820 3519 891 3575 llltnc
915 3536 1016 3590 prece·
1068 3518 1170 3575 nominc
1185 3530 1212 3573 ιιι
1222 3520 1267 3575 ιιι
1287 3519 1441 3573 Elicerem:
1456 3539 1465 3570 ι
1486 3517 1531 3574 Vel
1549 3532 1581 3573 cn
1594 3532 1650 3588 que
1664 3521 1689 3572 in
1705 3518 1798 3571 liletlo
1813 3535 1862 3572 sne

226 3585 298 3652 pisse
309 3588 419 3651 patrat.
433 3588 508 3640 need
521 3588 669 3641 concitatum
682 3589 793 3657 episcopi
812 3590 956 3657 importune
969 3608 1017 3649 na·
1066 3588 1182 3655 esposuit
1208 3587 1334 3644 Paulinus
1345 3590 1375 3643 it
1390 3586 1422 3643 Et
1441 3606 1499 3644 cuin
1515 3590 1661 3645 mediceret
1674 3604 1751 3671 passe
1769 3606 1805 3643 ea
1817 3592 1860 3657 is,

225 3656 319 3723 oiqcnt.
345 3657 405 3724 qnia
421 3657 595 3712 i'ittdetniaiis
617 3659 715 3727 legatio
728 3659 816 3713 cidens
831 3658 1014 3727 dispuit-innui.
1065 3674 1123 3724 quic
1136 3659 1177 3713 ilii
1186 3662 1284 3731 objecto
1296 3669 1367 3723 sunt,
1388 3660 1532 3715 linieticnnc
1542 3660 1696 3733 approbunt:
1714 3672 1807 3714 sarecto
1821 3677 1863 3713 re·

225 3725 293 3777 llum
304 3741 368 3780 vcro
380 3728 429 3780 ltuc
441 3726 539 3782 lisinii
549 3730 685 3783 decretntn
701 3729 854 3784 sardicensi
865 3734 959 3785 etttnni
972 3733 1015 3786 iu·
1067 3732 1148 3795 pietus
1163 3728 1273 3798 Spiritu,
1294 3731 1435 3797 apestolica
1449 3732 1599 3784 auctoritate
1623 3733 1756 3799 respuisti.
1775 3740 1803 3785 et
1819 3745 1861 3783 se·

228 3798 320 3859 pisunt
334 3811 382 3853 coe
395 3801 466 3851 solos
480 3801 620 3866 episcopos
632 3801 768 3868 respiciat,
780 3801 825 3869 qni
849 3799 957 3870 priuatis
981 3801 1016 3859 de
1066 3800 1180 3868 pressisti
1192 3798 1341 3853 insanientis
1360 3809 1382 3854 ci
1403 3796 1584 3854 calumniantis
1602 3801 1686 3864 caia,
1705 3800 1863 3872 injacentodi

225 3868 315 3921 caesis
325 3867 357 3919 ad
372 3869 526 3923 condtstnm
539 3868 616 3924 iareiie
637 3870 852 3938 proileiscnntnr.
878 3886 932 3925 noa
950 3887 1014 3927 reru
1066 3869 1222 3940 proferendo
1235 3872 1393 3931 senitentiam,
1403 3873 1516 3943 quaipee
1529 3872 1671 3925 calitoit'ctts
1687 3874 1863 3939 approbarer.

226 3934 298 3999 illos.
309 3938 353 4003 qni
369 3938 473 4006 publica
491 3941 525 3993 de
539 3955 635 4002 causn;
649 3939 672 3993 si
695 3939 867 3995 vindemiale
882 3942 932 3997 ini
954 3943 1016 3998 ltnic
1066 3940 1151 4002 illitus.
1170 3942 1193 3994 si
1211 3941 1300 3994 ιιιιιιιὶ
1322 3944 1405 4008 stillet,
1422 3956 1542 4008 curatei,·
1563 3942 1620 4011 qua
1639 3942 1792 4011 uniusmodi
1802 3950 1865 4013 eet:

226 4005 335 4067 decreto
346 4009 494 4076 repetundo
505 4025 612 4065 causant
634 4011 764 4074 dedisset,
780 4011 843 4066 iilud
857 4026 1016 4080 sequeretur
1069 4030 1079 4063 ι
1097 4009 1167 4066 Nola
1177 4011 1340 4065 itascircnita
1354 4012 1443 4065 dracus.
1465 4010 1797 4079 distinctionemque
1815 4013 1864 4065 ciii

226 4076 312 4142 ipsunt
325 4094 377 4132 riou
392 4079 493 4142 publica
511 4081 642 4148 legatione
657 4080 791 4145 inactum,
805 4097 856 4136 aec
876 4083 911 4136 ob
930 4084 1016 4151 prrltii-
1065 4077 1199 4147 adiectae
1223 4080 1353 4146 Paulino,
1379 4083 1430 4136 siue
1445 4099 1490 4155 per
1514 4083 1611 4153 {amans
1632 4084 1727 4147 iactatu
1751 4085 1863 4135 santis

227 4162 296 4212 esai,
310 4152 356 4202 sed
367 4153 402 4202 ιιιι
415 4150 602 4218 particularem
612 4151 729 4221 aliquam
739 4165 848 4206 causum
860 4152 1014 4209 ιιιιιιιιιιιιιι
1068 4153 1099 4209 Et
1114 4165 1173 4221 post
1192 4168 1274 4221 pauco
1285 4153 1410 4222 gaudium
1428 4153 1565 4221 proferent
1590 4154 1663 4206 addit
1678 4168 1685 4203 :
1703 4150 1758 4223 iiqo
1773 4162 1865 4206 censen

227 4220 416 4297 clarentisisse.
1068 4223 1121 4279 Dee
1131 4234 1155 4277 et
1165 4222 1267 4279 Citriso
1276 4224 1385 4277 Deretini
1396 4224 1491 4293 prutina
1510 4240 1568 4293 apo,
1580 4224 1648 4292 quod
1660 4220 1786 4275 Ecclesiae
1807 4240 1865 4276 ense

263 4286 370 4343 lxxv.
387 4295 478 4359 deque
493 4289 581 4344 miuus
592 4292 775 4349 commentitia
789 4301 853 4347 sunt
865 4308 897 4348 ea
917 4293 1015 4363 quilius
1066 4309 1171 4347 causam
1183 4295 1219 4346 itu
1229 4295 1270 4364 opi
1283 4293 1373 4359 naluit,
1385 4303 1412 4348 nt
1426 4297 1496 4347 sedes
1518 4294 1670 4360 apostatica,
1684 4310 1700 4345 a
1714 4309 1767 4362 qua
1781 4310 1864 4362 opar-

225 4356 384 4424 Qnesuellni
399 4362 540 4426 iliricattos
553 4361 587 4416 ad
603 4362 673 4417 liure
686 4363 845 4431 legationem
861 4365 1012 4420 dominen-
1067 4368 1114 4418 tnit
1125 4380 1168 4418 ore
1179 4364 1287 4417 dnorunt
1298 4379 1402 4419 sucrum
1413 4363 1562 4433 pontificum
1573 4365 1688 4419 baridos
1702 4363 1866 4416 condemns·

225 4436 299 4494 ιιιιιι,
312 4440 340 4482 et
349 4431 381 4483 nd
393 4432 563 4498 perurendam
574 4434 608 4486 ab
619 4432 738 4487 lietuino
749 4435 833 4501 icgetn
847 4449 877 4488 ea
889 4434 922 4488 de
932 4450 1013 4490 cansa
1029 4436 1098 4518 Dii.
1110 4451 1139 4489 ca
1152 4435 1299 4487 dntnntmdu
1312 4435 1469 4503 preceperit,
1484 4450 1565 4498 qttreo
1577 4450 1616 4488 me
1625 4433 1739 4488 Culeuio
1755 4437 1866 4502 {amris

226 4507 313 4552 ntotos
326 4501 416 4565 stadt,
429 4502 489 4568 quia
501 4504 653 4556 inetttebant
663 4520 695 4557 ne
711 4505 733 4558 si
746 4521 764 4558 a
776 4502 1014 4576 Zosinrojndnimn
1067 4504 1177 4578 objecta.
1197 4506 1254 4559 non
1268 4504 1347 4558 aliter
1361 4519 1440 4573 quam
1452 4504 1579 4559 Paulinus
1590 4506 1707 4558 seruisse
1728 4506 1864 4557 credendi

224 4578 355 4648 mmeuttoe
370 4569 511 4625 intruerttii
529 4574 759 4642 Apricartornmque
779 4580 935 4629 cantuarium
953 4592 1014 4643 pra·
1066 4586 1129 4630 sunt
1144 4575 1260 4631 dirirani
1277 4574 1380 4639 Patres,
1404 4590 1516 4642 qttornnr
1528 4590 1659 4628 eitnsensn
1675 4574 1807 4629 ecsndetn
1833 4576 1867 4629 li·

224 4638 299 4717 diret,
316 4655 350 4693 ur
369 4657 417 4695 tsst
429 4658 477 4697 titt
488 4658 659 4697 anootruttes
680 4659 872 4710 neocastren,
883 4646 944 4700 inde
953 4664 1011 4715 per-
1067 4645 1166 4701 bellum
1180 4662 1194 4700 a
1206 4645 1317 4700 Paulino
1330 4644 1460 4712 scriplum
1475 4644 1604 4701 credibile
1616 4657 1669 4705 est,
1683 4647 1712 4698 sn
1724 4656 1750 4696 ut
1768 4658 1800 4696 et
1814 4662 1865 4713 per

224 4710 349 4763 mosum
364 4712 429 4765 intas·
450 4721 582 4780 utrumqne
597 4710 739 4767 Ecclesium
761 4717 872 4769 sciriamu
892 4716 1011 4771 oriretur.
1068 4716 1250 4771 Marcellinum
1261 4713 1497 4784 Carthaginensem
1513 4716 1705 4770 subdiaconum
1729 4730 1784 4767 unu
1800 4733 1865 4770 curn

225 4780 454 4847 Angustinneltb.
465 4797 472 4835 t
483 4792 576 4837 contra
588 4783 653 4835 rinus
663 4784 1011 4853 epistolasi‘eiugiattnrttm,
1066 4786 1172 4841 cottctiii
1187 4785 1302 4843 diricani
1319 4784 1450 4840 relutone
1475 4785 1586 4839 iltttttunt
1602 4786 1701 4841 nitens
1715 4784 1762 4839 init
1779 4802 1865 4841 :etim

223 4862 284 4915 cap.
300 4849 328 4911 5,
342 4850 391 4903 bos
405 4853 512 4920 quidem
524 4869 569 4921 spe
581 4852 649 4918 laisa
661 4869 776 4921 sperasse
787 4856 891 4920 sentiit,
919 4872 1012 4911 nonum
1068 4856 1320 4921 praeostendamus
1342 4857 1464 4910 l'nlribns
1482 4867 1574 4910 nottnn
1596 4865 1668 4910 esset
1708 4856 1865 4920 optinet-in,

222 4927 248 4972 ct
262 4920 415 4973 maccrniiie
426 4924 519 4989 daana
534 4922 703 4991 l'eluqiannm
714 4926 751 4979 eei
765 4922 944 4979 Coeicslianurn
955 4944 1014 4996 pes·
1068 4927 1131 4982 licet
1144 4928 1230 4993 utilio,
1247 4928 1281 4981 ub
1294 4925 1435 4981 sintuiatas
1445 4939 1470 4980 et
1485 4926 1668 4982 fraudulentas
1729 4926 1806 4983 leslb
1818 4942 1866 4983 re·
1889 4988 1897 4999 ,

222 4990 325 5044 maai
350 4993 517 5057 quornmdnn
543 4990 718 5047 iiamanurnnt
739 4996 871 5049 catltoiict'e
891 5000 1015 5053 uncialibus
1067 4999 1227 5067 sponsiones
1250 5011 1343 5051 errore
1370 4996 1528 5066 aliquottou
1555 4998 1700 5066 dogmatis,
1719 4996 1770 5051 sed
1798 4997 1866 5054 iacti

221 5077 316 5130 possm
331 5063 439 5130 qstando
455 5065 577 5117 vitiarunt
594 5064 775 5120 Coeiestintna
790 5066 897 5120 Zositno
920 5082 1012 5122 ernest·
1067 5068 1215 5137 perstitistis
1241 5069 1451 5130 circutntentut,
1475 5067 1562 5122 eidem
1581 5069 1751 5136 aliquatenus
1774 5068 1866 5123 ssdere

223 5132 339 5186 dationis
349 5135 407 5200 eltis
417 5150 467 5199 spe
482 5136 572 5188 illectu
588 5135 673 5189 lectius
683 5136 828 5207 aliqnando
842 5138 961 5192 liuenti.
979 5140 1015 5194 dt
1066 5152 1092 5193 et
1105 5138 1357 5201 laterettderctuc,
1368 5140 1583 5193 noluissetauten
1598 5138 1669 5193 lerre
1682 5148 1779 5193 senten
1796 5140 1867 5205 iam,

224 5202 368 5257 llananatn
385 5203 527 5258 Ecclesium
541 5205 632 5275 fellere
642 5221 821 5276 usquequaque
835 5224 888 5261 non
898 5211 1012 5276 potuisse

220 5272 336 5326 eldrmat
350 5274 398 5329 lib.
414 5278 448 5329 de
462 5276 539 5331 Pecu.
564 5275 697 5345 originali.
716 5292 742 5331 c.
762 5278 790 5334 8.
814 5278 934 5347 Ctuuqne
948 5294 1011 5348 erga

220 5344 375 5398 Ctelmtintn
390 5344 513 5401 Zosirotts
536 5362 590 5400 neu
603 5348 655 5400 alia
669 5347 703 5403 de
715 5362 796 5403 eausa
823 5348 900 5405 initio
922 5347 1011 5404 indui·

220 5413 468 5477 geneneralem
482 5419 576 5484 egerit,
594 5418 645 5470 nisi
660 5420 721 5484 qnia
744 5418 790 5473 ille
811 5419 911 5486 pluries
927 5420 1011 5474 inter·

221 5494 338 5549 rugatus,
354 5487 444 5539 litteris
462 5504 489 5540 sc
506 5485 538 5540 li.
551 5502 624 5556 pape
637 5486 794 5552 iunocentii,
809 5490 902 5559 quidus
916 5492 948 5542 tie
963 5491 1011 5543 isac

219 5566 247 5602 re
256 5552 381 5608 dubitatio
393 5564 446 5608 tota
456 5556 611 5621 rsbiatacst,
623 5560 763 5613 catirentirc
785 5561 934 5626 respondit‚·
945 5560 1011 5617 satis

219 5635 251 5672 es
263 5623 312 5698 boc
323 5624 455 5702 Airicnttis
466 5639 557 5693 patere
569 5626 663 5682 debuit
674 5628 758 5695 ipsius
773 5628 873 5685 zet-tint
884 5639 1012 5687 constare

219 5700 292 5761 tanin
307 5693 464 5749 tandtcauda
486 5700 620 5752 scttteatia
639 5701 796 5768 liittucentii¹
814 5701 882 5756 adeo
898 5709 926 5756 nt
951 5716 1008 5757 ute·

1065 5212 1269 5276 accuratiusque
1281 5223 1394 5263 eramen
1409 5223 1441 5263 ae
1449 5208 1578 5274 judicium
1598 5209 1748 5275 distuli-se,
1768 5212 1866 5279 quoad

1076 5280 1183 5333 ‚leuiora
1209 5278 1367 5334 documenta
1387 5278 1423 5333 ab
1442 5279 1575 5345 ¹dii-icariis
1595 5282 1864 5336 trattsntisterentur.

1064 5297 1101 5405 iis
1115 5356 1197 5419 gestis
1220 5361 1349 5417 panderes
1368 5349 1554 5405 itttelieretant
1574 5346 1730 5405 Coelinnutn
1755 5351 1867 5407 idcirce

1063 5436 1115 5474 nun
1132 5419 1215 5473 luisse
1226 5421 1445 5482 coadunantem,
1461 5420 1523 5490 quia
1543 5421 1592 5475 etsi
1611 5421 1715 5485 alticctn
1744 5421 1866 5474 i'nttlino

1062 5491 1191 5545 detractare
1211 5504 1340 5557 expresse
1367 5489 1462 5554 ιιιιιιιιι,
1488 5498 1578 5545 castren
1607 5492 1765 5547 iiiinsnlntu
1793 5492 1867 5546 besti

1063 5577 1135 5632 paple
1144 5558 1289 5615 Iitnocentii
1304 5561 1394 5615 litteris
1407 5576 1456 5614 non
1469 5571 1505 5614 cst
1519 5577 1597 5613 ausus
1611 5560 1749 5623 obsistere,
1764 5576 1866 5617 rerum

1062 5634 1140 5686 elium
1154 5647 1180 5685 sc
1194 5632 1290 5696 ontniu,
1302 5646 1358 5701 quie
1372 5630 1443 5685 sedes
1457 5631 1503 5683 illa
1517 5632 1659 5695 datttnarct,
1674 5631 1867 5685 ditritnulncurn

1066 5718 1118 5758 esre
1132 5702 1268 5773 proruitis,
1283 5711 1350 5757 teste
1365 5703 1512 5772 dttgnstinu
1532 5702 1565 5758 de
1580 5701 1658 5757 Pccc.
1679 5701 1758 5773 orig,
1789 5718 1817 5759 c.
1836 5706 1865 5763 8.
