4000 6175
136 297 204 354 toas
340 268 499 348 'otsssuu
520 286 576 342 ιιι
597 282 799 352 comuntur.
829 281 985 358 usstass
1005 280 1158 337 ctoecuts
1178 282 1210 337 tu
1230 281 1350 339 source
1370 279 1570 337 centaurus.
1700 237 1774 334 tosa

135 414 234 468 riorum
247 406 319 472 ndei,
334 421 394 460 cum
406 405 502 474 quibus
514 399 732 466 auctorsitcbat,
746 398 808 452 dum
825 397 925 453 scribo·
940 400 964 459 Α
980 397 1190 467 professionibus,
1210 397 1284 466 quasi
1299 405 1434 466 praesentes
1446 413 1505 454 eunt
1525 396 1691 466 presentibus
1706 414 1768 469 ngr.

135 491 184 546 ret,
198 478 328 533 accidisse
341 478 487 544 putandum
500 471 613 528 estrdc
626 486 679 540 gott
697 479 723 523 ct
737 469 853 538 ampullas
875 469 925 522 ali·
978 476 1046 532 reat,
1076 467 1310 521 introducemur...
1338 467 1479 522 sorentum
1506 482 1583 536 erpo,
1614 464 1767 533 Phasianoi,

53 577 58 587 ·
134 551 196 622 quill
212 548 322 603 inierint
332 547 464 600 dicemus·
978 538 1079 600 Arium,
1095 549 1169 602 atque
1182 538 1215 590 oti
1225 546 1328 590 nostras
1340 547 1423 605 portes
1439 536 1606 589 Athanasium
1621 536 1770 592 introduxi:

170 620 208 674 iit
220 619 262 672 his
275 631 357 684 porro
368 631 428 683 aon
441 629 522 686 supra
545 611 696 670 statuimus.
711 623 823 677 nuaeqne
839 607 880 661 uit
898 607 924 661 ia
978 621 1007 661 ut
1021 609 1113 661 ueritas
1128 621 1226 661 samaro
1236 609 1432 676 sotadipcatium
1451 608 1588 660 certonsiae
1606 607 1718 676 eliqrtntn
1737 606 1771 662 nd

135 691 243 747 idriam
269 688 391 741 revocari
417 694 544 753 penserunt.
569 683 621 738 hoe
643 679 777 742 alicianus,
800 679 869 746 notin
893 680 925 729 ad
978 679 1093 731 orrtninat
1108 678 1223 730 notitiam
1238 677 1387 735 ner-nannet.

135 759 322 815 irrueniendorn
344 764 481 809 auctorem
498 753 576 822 hujus
589 749 703 821 symboli
725 750 795 801 uiam
815 748 901 812 operit
919 764 925 801 :
1015 747 1079 802 trude
1092 748 1172 800 etiam
1188 749 1362 800 catrllruratur
1373 744 1553 815 primumbacc
1568 755 1658 800 nostra
1670 746 1771 812 opinio,

135 839 270 884 enatarem
293 826 397 886 scilicet
422 824 497 878 illurn
518 820 656 889 inprinris
670 817 832 872 catholicum
857 821 925 869 intra
979 818 1048 883 trunti
1064 832 1131 886 quas
1143 816 1316 870 adramarias
1332 816 1391 868 lhlei
1406 818 1539 883 praruipne
1553 816 1691 882 imputant
1702 833 1772 886 syn..

135 913 242 954 terrtntu
267 896 322 950 lere
349 895 409 948 illos
433 909 519 947 atttros
544 893 645 946 risisse
673 896 701 941 et
730 888 854 940 horruisse
881 889 926 955 qui
980 886 1205 950 bolurn‚tlriaaos
1220 888 1360 943 scilicetct
1371 885 1562 954 Eutychianos,
1577 886 1686 941 easdem
1699 903 1755 940 ser..

135 968 232 1024 lenuis
251 966 295 1020 rel
316 963 397 1018 llilari
423 962 608 1018 Rotrtauorusu
632 957 787 1028 pontificata
812 966 926 1010 mortem
979 967 1027 1023 per
1051 956 1158 1022 seriptis
1184 955 1239 1009 suis
1259 968 1415 1024 perstemus
1437 967 1478 1009 est
1498 955 1617 1025 vigilius,
1643 956 1773 1021 punarque

135 1039 257 1107 proxime
277 1035 363 1090 secuti
386 1044 449 1087 suat
464 1052 470 1086 :
487 1032 611 1087 eumdem
636 1036 708 1082 metu
734 1026 928 1095 persecutionis
980 1025 1052 1080 enirn
1069 1023 1197 1093 opuscul-r
1222 1041 1270 1079 sna
1293 1035 1385 1080 cotnra
1412 1026 1541 1086 Arianos,
1565 1027 1610 1093 atri
1635 1024 1772 1082 africanas

137 1113 234 1163 trottiea
254 1103 391 1175 proprium
416 1097 611 1171 suppressisse,
632 1112 663 1152 ac
685 1093 796 1165 prniude
819 1111 881 1148 carta
899 1096 927 1148 lu
981 1095 1123 1149 vastabant
1137 1094 1278 1156 Erote-ins.
1295 1095 1464 1161 consumsit,
1479 1106 1507 1151 et
1521 1096 1625 1166 insigne
1639 1111 1706 1164 opus
1724 1098 1773 1150 atl-

135 1195 166 1233 ea
191 1177 299 1243 regione
319 1174 412 1229 sedeat
434 1175 561 1227 habuisse
581 1171 607 1226 in
629 1180 681 1238 qua
705 1165 767 1219 ndei
790 1165 929 1219 catholice
980 1178 1074 1219 uersus
1088 1164 1270 1233 Eutychianos
1284 1165 1383 1228 emisit,
1395 1181 1448 1232 uua
1458 1177 1484 1219 et
1499 1173 1584 1219 sancti
1606 1166 1749 1230 tentrisep

136 1254 229 1302 trustes
248 1245 391 1312 trraniqoe
414 1244 561 1309 praesertin
581 1253 670 1296 rertttn
694 1234 882 1302 patiebantur:
902 1241 930 1287 et
980 1235 1075 1289 stolata
1096 1242 1125 1287 et
1143 1230 1362 1289 chalcedonense
1376 1235 1512 1288 decrerunt
1533 1235 1567 1289 nn
1587 1236 1772 1292 imeneorum

135 1334 169 1370 co
187 1327 307 1383 ternpore
327 1327 380 1381 quo
402 1313 470 1376 Arii,
492 1310 607 1368 Nestorii
630 1317 658 1363 et
682 1306 807 1374 bruscha
823 1318 930 1359 errores
982 1303 1487 1363 latnunaatianibasstrorrucuimlieat.

137 1391 217 1449 lauec
233 1388 338 1450 lateatis
352 1385 546 1451 spargebantur
560 1396 568 1435 s
583 1390 638 1433 tres
651 1378 722 1432 enirn
740 1376 804 1427 istas
821 1375 929 1443 poti-si·
1016 1375 1044 1427 ἓ,
1059 1374 1133 1427 atius
1145 1372 1205 1427 hilei
1223 1373 1401 1438 professiones
1413 1375 1493 1426 etiam
1509 1373 1559 1427 suh
1572 1375 1679 1429 tramine
1692 1376 1774 1432 Atina-

137 1473 210 1511 tanm
225 1456 340 1507 iratrescs
350 1452 401 1506 boc
415 1454 565 1522 synthnlurn
579 1448 708 1502 cattlodit.
903 1478 906 1484 -
982 1442 1051 1497 uasti
1061 1442 1775 1513 editlitlligilius,qtttecrrtri943tinjrnmnnrppuggn.

167 1523 245 1582 atil.
259 1521 537 1590 Vipiliurucpiscopum
554 1514 789 1589 dirironuntoidtri
802 1521 930 1565 auctorem
984 1517 1015 1566 lis
1028 1511 1228 1567 conscribendis
1250 1524 1386 1565 asan-nun
1404 1522 1529 1577 proruunt.
1554 1513 1631 1567 Velut
1653 1524 1715 1569 strat
1737 1517 1776 1585 (a)

137 1612 191 1649 esse
219 1592 329 1661 sparton
358 1587 701 1644 athanasiani-'diruisse
731 1598 812 1652 porro
837 1598 931 1636 corruo
984 1584 1037 1638 illue
1051 1597 1111 1650 anae
1127 1581 1201 1634 libris
1224 1581 1257 1636 tle
1270 1583 1398 1637 i'rittitate
1422 1584 1528 1637 insertas
1548 1586 1679 1651 leguntur.
1702 1585 1776 1652 ilnrrn

138 1667 274 1719 sententia
288 1661 333 1727 atti
348 1660 411 1713 illud
429 1661 528 1713 lrntnini
551 1657 628 1712 Gallo
642 1656 772 1717 tribuunt,
787 1653 813 1706 ia
833 1650 932 1720 auibus
984 1661 1074 1707 numm
1085 1667 1144 1717 auae
1156 1651 1270 1719 spmhttti
1282 1665 1381 1706 aottrcn
1393 1652 1505 1713 oblitust.
1522 1663 1584 1707 tuuc
1596 1655 1630 1708 ah
1642 1669 1674 1707 eo
1685 1657 1776 1710 cortili-

136 1744 181 1790 cst
192 1735 224 1788 Ρ.
240 1731 360 1786 Pithteus
373 1731 418 1782 hb.
435 1730 470 1784 de
481 1730 603 1783 Process.
615 1726 730 1792 Spiritus
745 1724 840 1785 sancti.
851 1735 930 1787 anaor
945 1761 969 1820 B
985 1737 1038 1776 taur
1051 1735 1110 1776 esse
1121 1721 1305 1775 existimamus
1316 1737 1375 1775 eum
1388 1722 1494 1775 corteto·
1508 1724 1775 1789 tinnpnnnrsntnrnr:

138 1805 165 1857 in
181 1804 346 1862 sententiata,
365 1800 533 1867 propendere
554 1811 584 1852 sc
610 1795 748 1864 profitetur
766 1792 877 1846 Vossius
903 1793 930 1845 ia
984 1808 1036 1858 nun
1049 1804 1167 1853 teorpnrn
1176 1792 1230 1859 jam
1244 1797 1324 1845 innuen
1337 1791 1456 1846 ediderat
1468 1809 1519 1849 ..gu
1535 1796 1593 1847 cula
1607 1805 1701 1849 com„
1720 1797 1776 1849 hm,

136 1872 290 1942 appendice
303 1886 358 1924 suae
373 1871 399 1923 iu
414 1871 484 1926 banc
500 1883 556 1923 reru
571 1863 767 1922 dissertationis
783 1879 790 1915 s
808 1862 932 1916 uidentur
983 1863 1082 1917 reticos
1093 1862 1219 1924 brianus.
1232 1878 1292 1914 curu
1307 1862 1394 1915 artlruc
1407 1865 1431 1913 ht
1448 1863 1535 1917 atrion
1547 1874 1707 1919 moraretur.
1721 1871 1776 1920 Αιι-

138 1941 294 1997 baecamaia
305 1955 364 2008 ntra
373 1942 550 2006 praemisimus
561 1936 677 1990 maritae
689 1934 833 1988 conuenire
841 1930 880 2002 (a)
892 1930 932 1982 lli-
983 1932 1172 1994 dienerinnen,
1190 1946 1250 1984 cnm
1272 1942 1344 1986 osset
1361 1931 1523 1998 tironiense,
1544 1935 1662 2002 quantus*
1676 1945 1777 1991 strues

137 2014 207 2084 gilio
220 2010 422 2078 Tapshaaascu
434 2005 562 2076 'tapsensi
576 2006 707 2062 intirim
723 2004 861 2070 episcopo,
882 2015 932 2054 aec
983 2013 1073 2072 ageret
1085 2003 1111 2055 ia
1123 2001 1256 2055 Africanis
1274 2003 1402 2055 Ecclesiis
1419 2004 1517 2056 briant
1541 2004 1702 2064 intercalent
1722 2022 1776 2071 ‘1¹¹⁰

137 2085 266 2149 cuiquam
283 2081 370 2149 potius
384 2083 433 2133 hoc
448 2078 604 2149 opusculum
621 2075 699 2142 tribui
715 2087 793 2140 passe
813 2067 932 2126 arbitror
984 2072 1011 2125 itt
1030 2071 1184 2126 discrimine
1207 2080 1358 2125 versaretur
1379 2072 1545 2138 popularium
1568 2089 1677 2127 suorum
1700 2076 1776 2141 hies,

136 2165 220 2224 quatu
235 2153 367 2206 acerrimo
384 2149 446 2203 buia
460 2149 598 2202 catholica
623 2143 685 2199 hdci
700 2143 847 2197 delensori.
869 2141 931 2194 llo·
984 2139 1128 2211 pastoralis
1143 2140 1224 2196 allicii
1247 2150 1336 2209 partes
1352 2156 1412 2196 esse
1433 2143 1594 2196 existimauit
1616 2144 1778 2212 periclitanti

136 2223 194 2278 ruit
205 2223 278 2278 caira
293 2221 406 2289 vigilios
416 2219 468 2274 iste
482 2215 534 2272 sub
545 2219 625 2272 lloem
639 2214 723 2282 animi
740 2212 843 2279 secoli,
864 2222 890 2265 et
902 2220 933 2265 nt
984 2212 1084 2282 papula
1095 2226 1145 2266 suo
1162 2213 1299 2280 suppetias
1320 2213 1400 2270 lerre.
1420 2212 1682 2282 siraplicioribusquc
1699 2216 1777 2271 cbri-

137 2293 287 2347 verisitaile
301 2301 342 2344 est
357 2289 390 2342 ad
413 2301 516 2343 sertum
531 2302 615 2355 arsque
629 2284 760 2354 peruemt.
775 2285 872 2350 qnippe
884 2282 931 2348 tptti
984 2282 1079 2339 stianis
1091 2298 1149 2337 eam
1164 2284 1223 2337 littei
1237 2282 1430 2350 professionem
1443 2285 1478 2336 alr
1489 2286 1581 2337 aeolos
1594 2299 1705 2351 ptinere,
1717 2301 1778 2354 attan

141 2377 216 2417 ariao
226 2363 280 2416 tet
291 2362 480 2415 Bizaceuorum
493 2363 611 2411 omniurn
625 2356 815 2426 cpiscoporum¹
826 2355 933 2406 ultimus
985 2354 1096 2407 remotis
1107 2351 1231 2408 erunibus
1242 2353 1387 2406 srrlrtiliorls
1399 2360 1426 2405 et
1443 2353 1624 2422 implicationis
1637 2358 1777 2425 theologia,

137 2440 210 2498 θῐθῑ,
221 2441 250 2487 ut
263 2447 297 2486 81
310 2430 403 2484 nobilia
417 2428 602 2483 Africanorum
613 2427 761 2479 antistitum
775 2421 846 2489 legii
860 2421 934 2488 ssllll·
984 2425 1153 2488 mirabilius,
1167 2423 1326 2478 catholicam
1342 2424 1492 2477 doctrinam
1516 2440 1590 2491 'purg‘
1604 2426 1697 2488 nilide·
1716 2427 1777 2481 [pp-g.

138 2502 226 2557 ”eiiii
244 2502 317 2569 il¹³⁸¹¹
338 2515 386 2567 ΡΝ)
403 2498 538 2554 reddenda
560 2495 624 2549 stile!
641 2494 745 2546 ratione
768 2501 929 2566 cottvttcoto-
986 2465 1107 2564 ritcrifltc
1118 2502 1275 2560 crpraaeret.
1288 2493 1345 2560 Qua
1358 2493 1526 2560 expositione
1538 2494 1684 2550 Ecclesiam
1701 2512 1776 2550 suam

137 2587 201 2626 ratu
216 2570 297 2642 942
311 2570 539 2632 lelicitercanircit
557 2567 626 2620 retr.
640 2562 735 2617 Franc-
747 2561 933 2617 Citilsseliusia
984 2569 1104 2633 aliasque
1119 2565 1255 2618 hiricanas
1267 2579 1319 2618 nou
1332 2566 1417 2618 solutu
1435 2563 1564 2620 aduersus
1581 2566 1686 2620 ariana.
1697 2578 1778 2621 sectas

136 2640 214 2695 notis
231 2645 263 2694 atl
281 2640 405 2693 ettmdetn
426 2637 498 2692 ltoac
512 2636 649 2705 tigitinrn.
674 2633 806 2688 crateres
829 2635 935 2686 visebat
987 2636 1126 2705 perfidiam
1138 2634 1294 2689 muniendos
1316 2634 1560 2700 cssccxlstimarit,
1573 2636 1620 2689 sad
1637 2638 1718 2691 etiarn
1730 2637 1779 2691 an.

135 2711 256 2778 Vigilius
275 2718 303 2763 et
321 2709 413 2763 sedern
434 2707 612 2776 episcopalem
636 2704 742 2758 tenebat
763 2704 794 2756 in·
810 2702 934 2756 biricaaa
987 2719 1079 2761 rursus
1091 2704 1276 2759 Nestorinnarn
1295 2714 1322 2757 et
1343 2701 1549 2772 impulsionum
1562 2720 1694 2771 quaecum
1705 2714 1778 2775 aput

135 2782 253 2850 regione
273 2781 299 2833 ia
315 2793 367 2846 aaa
384 2777 508 2831 illaudati
531 2778 628 2830 triana
646 2783 720 2843 peste
734 2771 826 2828 inlecti
840 2773 933 2826 calbo·
987 2777 1150 2834 nrienrntns,
1162 2775 1232 2827 triten
1243 2774 1426 2843 ‹pnnsngehgg
1435 2775 1514 2845 pugg
1526 2776 1631 2844 lateque
1641 2793 1778 2846 gramm..

133 2851 208 2906 licos
229 2862 322 2903 ornnes
340 2847 398 2901 dira
421 2845 607 2914 persecutione
627 2845 776 2905 scrobeam
798 2845 833 2896 ita
852 2850 881 2896 ut
901 2843 935 2896 dc
986 2859 1040 2909 urar,
1055 2843 1159 2901 neman
1182 2843 1320 2898 Atrinnnns
1342 2847 1475 2912 regiones,
1495 2845 1536 2899 tel
1551 2846 1605 2915 isat
1624 2861 1684 2902 esse
1705 2847 1780 2902 invn-

134 2918 274 2974 catholica
284 2917 335 2971 lide
345 2916 389 2971 uel
399 2921 508 2970 tertiora
523 2916 644 2984 prolerre
653 2913 760 2967 crimini
773 2923 934 2969 uerteretur.
986 2917 1068 2981 cerni,
1080 2917 1123 2971 rel
1136 2914 1223 2970 inuehi
1241 2915 1320 2968 lacile
1339 2929 1417 2982 passe
1437 2914 1555 2969 videbat.
1574 2917 1616 2986 (tl)
1638 2919 1778 2973 Attiannsn

136 2987 275 3043 [iactitat
289 2987 395 3042 virebat
417 2997 536 3056 tempore
557 2982 784 3050 ouo‘llestoriana
800 2992 827 3036 ct
850 2983 933 3050 Euty·-
986 2990 1095 3042 nnrnine
1108 2985 1255 3040 arriantlam
1267 2998 1326 3040 esse
1337 2985 1499 3039 existimauit
1512 2985 1663 3055 huiusmodi
1676 2988 1778 3054 proies·

133 3059 365 3114 cltianahsereses
380 3053 931 3123 matimtrsiudiasprogressosagrbnrrt,
986 3056 1184 3124 sinnemzarria
1206 3063 1232 3109 et
1253 3056 1383 3111 tantinri
1405 3054 1565 3111 attctorltate
1585 3072 1633 3112 eos
1673 3059 1699 3114 ui
1719 3061 1777 3115 sola

135 3128 291 3199 praesertim
307 3143 354 3194 per
374 3128 524 3182 ttrientales
548 3125 691 3188 Ecclesiae,
709 3123 742 3177 ad
757 3139 823 3193 noas
843 3122 970 3193 logereC
986 3128 1144 3184 auctoritate
1165 3126 1299 3179 docuntur
1320 3126 1477 3180 retinendos
1509 3125 1578 3184 iore¹
1598 3073 1722 3196 ιιιιιιΊιιις
1752 3140 1778 3185 et

134 3197 295 3262 crrtapulsos
314 3206 356 3250 est
369 3197 480 3266 vigilios
495 3198 528 3249 ab
544 3197 696 3264 irnpiorege
709 3193 930 3253 extorrislactns.
986 3198 1070 3271 probe
1082 3205 1193 3250 stererat
1210 3196 1280 3250 illius
1300 3199 1352 3250 aeri
1369 3197 1489 3252 eruditas
1505 3214 1558 3271 nott
1579 3202 1698 3267 possein
1710 3201 1779 3255 htrrre

138 3268 274 3336 tierricus,
297 3266 367 3335 quood
390 3281 552 3335 ruaguopere
576 3267 740 3333 pensandum
763 3273 804 3319 est
830 3262 881 3319 bac
904 3267 931 3318 ia

136 3339 340 3405 disquisitione,
356 3336 499 3390 admodum
516 3336 647 3389 familiare
667 3335 716 3387 luit
730 3333 836 3402 vigilia,
858 3343 888 3386 ut
910 3335 933 3388 si

134 3424 202 3477 aute
215 3407 344 3461 scriberet
359 3406 487 3476 opuscola
505 3405 631 3459 saviente
645 3408 839 3472 persecutione.
854 3403 890 3473 (t)
901 3418 934 3456 ea

134 3493 194 3533 noa
211 3492 273 3537 suo.
286 3477 333 3533 setl
355 3478 405 3530 suh
419 3478 587 3543 antiquaram
611 3474 716 3527 Patruus
733 3475 774 3528 uel
795 3484 933 3526 auctorata

136 3561 258 3617 persona
269 3548 295 3601 ia
310 3547 443 3616 publicum
457 3548 600 3601 errritteret.
609 3544 655 3598 Sic
666 3546 761 3597 librum
775 3553 867 3596 contra
880 3543 935 3594 hla-

136 3618 266 3672 riradura
286 3618 394 3684 scripsit
406 3617 456 3669 soh
475 3617 582 3669 tramine
607 3615 684 3667 idacii
706 3613 776 3667 Clari
793 3628 800 3669 ι
820 3616 933 3667 atterunt

135 3689 295 3755 composuit
307 3690 333 3740 in
345 3700 459 3755 persona
470 3686 499 3740 S·
512 3682 650 3753 Augustini
662 3695 752 3735 cotrtra
769 3680 934 3737 Felieiauutn

136 3758 274 3812 Aristrato
291 3773 298 3812 :
314 3757 421 3810 tertiano
445 3766 536 3810 contra
557 3756 716 3809 Palladium*
729 3754 870 3807 crustumio
893 3752 935 3806 rol

138 3826 275 3897 Gregorio
290 3827 457 3880 Nazlarraeno
471 3819 707 3895 inscripturustd
724 3833 751 3877 et
765 3822 816 3877 sttb
828 3822 937 3876 narniae

138 3901 229 3951 sancti
244 3897 382 3963 Albanasti
397 3899 497 3964 plures,
519 3894 672 3964 quarnsub
693 3894 806 3947 aliorum
820 3907 936 3961 perstrtta

138 3967 276 4036 evulgavit
293 3985 300 4021 :
316 3967 455 4027 duodecim
470 3967 540 4021 caira
559 3968 593 4018 de
613 3964 742 4018 Trinitate
756 3963 838 4017 libros
853 3962 937 4017 babe-

140 4053 206 4091 atas
221 4040 290 4092 inter
303 4050 384 4105 opera
398 4036 482 4091 sancti
497 4035 646 4102 Athanasii,
664 4033 756 4087 Latine
767 4043 868 4086 tautam
882 4035 939 4101 ctllf

141 4119 199 4175 tos,
215 4122 282 4177 aptos
300 4107 388 4176 lllgtlii·
400 4102 469 4160 'esse
486 4107 603 4159 clantaut
621 4106 717 4157 eruditi
731 4101 801 4172 (loc.
814 4102 939 4159 ‘Siramn-

139 4178 207 4243 dut,
218 4179 245 4231 in
256 4187 308 4230 nat.
326 4180 362 4228 nd
377 4176 570 4243 Theadelphuat
586 4177 618 4231 tte
633 4173 733 4243 Spiritu
747 4186 851 4240 surtrto,·
865 4172 952 4226 rust.-

141 4246 272 4319 Labicus.
289 4247 322 4299 tle
337 4244 433 4311 script.
447 4246 584 4299 ecclesiast.
595 4262 604 4310 ,·
615 4244 762 4313 chifflettns,
779 4246 806 4296 itt
818 4259 905 4307 opusc.
921 4244 940 4296 ᾖ

140 4319 316 4371 vindiciarum
331 4330 437 4384 optram
457 4317 542 4383 l'igt'lii
563 4315 730 4385 inprecatam
745 4318 815 4368 sicin
834 4325 861 4368 ct
882 4304 941 4367 [lia-

141 4388 276 4456 logorunr
286 4386 368 4441 libros
383 4388 453 4440 iuter
470 4387 655 4450 htlraaasiuut,
670 4385 762 4439 Arium
777 4392 805 4437 et
825 4384 939 4437 l’robutn

140 4458 276 4527 junonem.
294 4456 350 4527 Sed
374 4454 423 4510 etsi
440 4470 492 4509 troa
512 4455 657 4509 indubitata
674 4457 725 4509 lide
746 4463 838 4509 essent
854 4454 938 4523 tigilli

143 4538 295 4581 munerata
315 4527 372 4580 baec
386 4527 639 4594 optrscrtla‚·saltetn
669 4522 793 4593 Dialogus
813 4526 939 4578 adversos

141 4600 272 4666 arianas,
288 4597 457 4653 sabellianos
470 4605 500 4649 ct
518 4597 699 4660 thaitthanes,
717 4597 757 4648 vel
775 4597 832 4663 ipsa
844 4594 939 4663 vigilio

144 4669 259 4732 laterae,
275 4669 381 4737 abipso
395 4669 445 4721 sah
457 4667 565 4720 rrrrtul'ue
579 4667 819 4719 ¹attratrasiitotrtra
836 4666 939 4730 hritrnr,

143 4738 292 4793 Sabcltitun
310 4747 339 4791 et
357 4737 496 4790 l’lttrtiuom
511 4751 602 4789 ctrrstu
621 4735 712 4804 judice
732 4736 818 4791 l'robo
846 4735 939 4804 dispu-

144 4812 241 4872 tantis,
257 4800 429 4877 compsanus=
436 4814 492 4871 cst;
509 4823 542 4860 ex
557 4822 610 4874 uuo
622 4822 695 4859 ccrre
714 4810 861 4860 taaxiarum
872 4822 939 4873 paa-

143 4879 199 4930 dns
214 4878 317 4932 accedit
338 4877 500 4944 cotrjeututis
519 4878 631 4930 nestris.
649 4876 719 4944 lpse,
734 4876 853 4945 inquunt,
872 4877 942 4944 vrgi-

144 4948 201 5001 lius
216 4947 243 5002 ia
259 4952 414 5016 praelatione
429 4946 506 5015 hujus
522 4947 619 5015 dialogi
633 4948 684 5000 hoe
700 4948 856 5013 poenitetur:
874 4942 943 4999 Utile

144 5019 208 5081 hoe,
236 5018 328 5071 scribit
356 5016 412 5082 illc,
433 5027 457 5070 et
483 5016 557 5069 ualde
580 5018 739 5070 commodum
762 5020 892 5086 apparuit,
916 5027 943 5071 at

144 5089 347 5161 nuntiantque
369 5085 481 5141 harettci
503 5100 639 5155 pesonam
663 5102 722 5139 tuat
747 5092 788 5142 tui
814 5087 943 5157 dogmatis

985 3282 1105 3326 errorem
1117 3267 1217 3329 harlaei,
1231 3276 1258 3319 nt
1270 3267 1417 3319 Athanasio
1434 3267 1505 3320 illata
1522 3271 1715 3335 expositionem
1729 3268 1778 3326 tri·

985 3339 1108 3403 hucreut,
1139 3338 1304 3389 reclamante
1335 3336 1499 3389 rrrrrehnrorn
1531 3337 1674 3403 heressim,
1698 3357 1777 3410 quam

985 3410 1111 3463 distincte
1126 3406 1215 3468 habet,
1236 3405 1380 3458 attentione.
1404 3406 1456 3460 Sed
1477 3414 1504 3460 et
1525 3408 1575 3460 bac
1597 3414 1777 3465 successorium

985 3476 1097 3531 otunian
1122 3472 1271 3534 uidebatur,
1294 3489 1327 3527 ne
1357 3478 1496 3543 pruisquam
1522 3476 1707 3545 diricruorttnt
1752 3483 1777 3533 ui

986 3556 1051 3601 tuuc
1071 3544 1205 3603 rircbaat,
1225 3546 1412 3615 episcoporum
1434 3549 1468 3598 de
1487 3548 1594 3599 condita
1617 3548 1696 3614 lartius
1717 3496 1777 3605 daei

987 3617 1101 3673 torritula
1118 3615 1144 3669 ia
1156 3615 1335 3680 suspicionem
1350 3615 1420 3682 apud
1432 3614 1573 3673 lucreticos
1584 3617 1733 3685 deveniret,
1746 3636 1777 3676 ac

988 3695 1132 3757 propterea
1144 3686 1170 3738 iu
1189 3683 1369 3743 certissimum
1381 3686 1443 3738 ritas
1463 3684 1621 3750 discrimen.
1633 3696 1692 3758 quar
1704 3692 1779 3745 bris·

988 3772 1083 3811 uorum
1105 3764 1162 3809 crat
1182 3755 1309 3815 seritius.
1331 3753 1529 3809 adduceretur:
1542 3760 1612 3825 atiud
1631 3760 1726 3814 merito
1747 3764 1780 3815 ti·

989 3826 1114 3881 meadum
1137 3823 1218 3879 luisse
1236 3820 1365 3892 intelliget
1386 3827 1507 3895 aurisonis
1530 3826 1645 3883 Victoris
1664 3830 1780 3887 vitensis

988 3898 1023 3953 tle
1034 3898 1221 3951 Persecutioas
1236 3895 1360 3950 Africana
1370 3898 1549 3953 tratratiouea'u
1560 3900 1715 3969 perlegerit.

1025 3968 1052 4021 5.
1068 3966 1127 4024 etsi
1141 3968 1166 4019 iu
1182 3976 1236 4018 taut
1260 3967 1334 4021 laesi
1348 3974 1376 4018 et
1393 3965 1421 4019 iu
1445 3966 1524 4034 bajus
1536 3970 1645 4038 generis
1657 3971 1780 4039 septinu-

990 4038 1062 4101 cula‚
1086 4036 1174 4104 qualis
1195 4046 1237 4088 cst
1264 4035 1321 4090 haec
1344 4035 1570 4105 ndei-prnnsnn.
1589 4045 1632 4093 uix
1652 4040 1728 4099 locos
1747 4045 1782 4096 sit

990 4106 1154 4162 conlercudo
1167 4109 1236 4175 styla
1251 4120 1310 4160 cunt
1324 4107 1430 4161 castoris
1445 4105 1533 4175 vigilii
1552 4108 1782 4167 lucubrationibus

986 4182 1083 4302 gattam
1102 4179 1174 4230 enirn
1198 4177 1302 4249 dicendi
1323 4179 1453 4232 rationem
1476 4179 1570 4234 breves
1592 4189 1619 4234 et
1638 4185 1783 4250 sargonina·

1002 4247 1197 4311 tricilnrtuulce,
1220 4246 1300 4301 allant
1317 4248 1416 4315 scripta
1442 4250 1584 4317 prolixiora
1604 4265 1630 4304 et
1652 4254 1782 4320 potentian

991 4319 1129 4386 eriguntl:
1146 4331 1198 4371 noa
1213 4318 1301 4371 leuetur
1321 4328 1408 4373 taurea
1428 4318 1497 4375 inter
1511 4321 1660 4388 symbolum
1681 4333 1708 4377 ct
1731 4325 1784 4379 aliu

993 4387 1081 4456 vigihi
1094 4401 1176 4454 opera
1193 4387 1229 4456 (ι)
1244 4386 1307 4457 styli
1324 4388 1481 4443 aillnitatenr
1498 4391 1687 4461 scribendique
1700 4396 1784 4447 ratio-

993 4473 1055 4513 nem
1067 4457 1271 4526 deprehendere
1285 4458 1351 4510 mihi
1367 4460 1468 4512 ridear.
1495 4459 1624 4515 Eanrdeut
1637 4465 1708 4516 cuim
1728 4479 1785 4519 truc-

994 4528 1104 4581 tbodutn
1119 4537 1235 4581 sectatur
1250 4527 1276 4580 iu
1288 4542 1370 4596 opero
1382 4538 1475 4582 contra
1494 4529 1656 4585 Manendum
1672 4532 1784 4602 scripto.

993 4609 1020 4654 ct
1033 4609 1181 4665 praesecata
1196 4598 1402 4667 hircanorum
1414 4607 1441 4652 et
1449 4599 1475 4652 iu
1487 4602 1609 4669 sprnnntn
1619 4603 1787 4658 conicienda

993 4670 1097 4724 tenuit:
1111 4669 1146 4722 ita
1161 4679 1188 4721 ut
1201 4670 1273 4736 prior
1289 4669 1488 4739 parasymholi,
1505 4686 1564 4735 riute
1573 4671 1712 4728 Trinitatis
1728 4677 1787 4727 uai-

993 4746 1074 4793 tatem
1097 4741 1321 4797 carrtradrianos
1337 4740 1468 4802 det'etrrlit,
1483 4742 1674 4810 ctrrrrpeadiosa
1695 4744 1787 4800 videa·

993 4823 1037 4863 tor
1051 4822 1111 4864 csse
1131 4812 1314 4877 recapitulatio
1338 4826 1431 4864 carrata
1456 4821 1640 4880 concentum
1661 4816 1787 4885 capitula

992 4876 1075 4951 944
1094 4891 1266 4949 exposcuntur
1285 4882 1311 4933 iu
1334 4880 1418 4935 trihus
1434 4882 1485 4935 tllir
1507 4892 1600 4938 contra
1621 4885 1788 4941 llarivadrttt

994 4952 1071 5004 libais
1085 4967 1091 5004 :
1107 4951 1151 5005 isti
1165 4950 1236 5006 cuim
1249 4954 1297 5004 toti
1311 4964 1369 5003 stau
1386 4956 1411 5005 ia
1424 4955 1584 5020 eaparteudn
1600 4957 1789 5023 probandaque

995 5020 1257 5084 unitate‘lrloitatts,
1271 5032 1297 5076 ct
1308 5019 1438 5075 Trinitate
1454 5024 1574 5089 caritatis,
1588 5040 1646 5091 astte
1661 5035 1703 5079 est
1716 5027 1790 5094 ptin-

996 5090 1034 5144 ris
1047 5091 1130 5160 partis
1152 5092 1268 5160 symboli
1283 5092 1389 5161 propria
1407 5094 1543 5147 taatcries.
1569 5095 1621 5149 ssd
1639 5104 1666 5148 ct
1681 5097 1732 5149 hoc
1745 5099 1788 5148 ‹ti-

676 5199 955 5256 htttcnttitntttttt
976 5201 1252 5258 annotationes

185 5293 225 5363 (a)
234 5292 307 5349 llam
318 5291 453 5359 Quietaelli
465 5290 623 5348 sententiaro
639 5290 791 5348 reletleatas
803 5295 829 5346 ia
847 5292 942 5348 iisdem

145 5365 259 5420 observ.
275 5362 330 5433 §tn
346 5381 374 5415 u.
387 5362 404 5416 5
415 5371 443 5417 ct
456 5360 484 5416 ti.

186 5435 224 5505 (b)
246 5433 304 5488 Nou
320 5434 408 5487 omnia
425 5431 575 5491 Athanasii.
589 5442 634 5487 aut
647 5432 760 5487 aliorum
776 5433 883 5487 Patruus
895 5449 944 5489 ao·

146 5505 225 5562 miae
246 5504 316 5557 edita
337 5517 418 5571 opera
441 5517 500 5573 atta
517 5500 614 5570 vigilio
629 5502 757 5572 'tapsensi
778 5506 941 5571 tribuuntur,

147 5575 237 5646 ipsius
251 5588 312 5629 esse
327 5573 438 5641 liquebit
451 5588 484 5627 ex
503 5573 628 5628 dicendis
639 5576 665 5628 ia
677 5576 784 5628 obsera.
799 5574 851 5646 53,
867 5590 895 5628 n.
912 5574 941 5630 5.

187 5646 225 5716 (c)
239 5643 293 5700 llas
302 5643 428 5698 lorruolas
440 5643 536 5713 liigilio
547 5644 675 5708 tapsensi
692 5659 830 5713 perperam
845 5646 943 5701 ascrild

151 5720 182 5772 ia
195 5716 304 5770 ohnrs.
319 5715 378 5766 laco
388 5713 469 5767 citato
484 5713 619 5782 probaturi
634 5727 737 5769 somus.

277 5808 411 5866 lernou.
435 5806 514 5867 cil.

1034 5293 1073 5365 (d)
1090 5294 1137 5350 llic
1160 5295 1333 5366 presumitur
1353 5295 1492 5351 biltauasii
1508 5311 1605 5351 nomeu
1620 5296 1655 5353 ab
1669 5314 1727 5369 ipsa
1742 5316 1788 5355 au-

997 5378 1071 5421 ctore
1090 5365 1167 5420 initio
1185 5367 1343 5434 inscriptum
1370 5367 1462 5430 luisse,
1485 5368 1557 5437 qttod
1582 5378 1669 5423 urraca
1692 5370 1789 5427 lalstuu

997 5436 1170 5491 ostenderam
1194 5438 1220 5490 iu
1242 5438 1483 5493 atucrvattaaibos.

1034 5505 1132 5576 (ellloc
1142 5519 1326 5578 argttmcutam
1339 5526 1352 5563 a
1365 5512 1426 5579 styli
1438 5508 1629 5564 sententiarum
1639 5512 1789 5580 qoealhoi·

997 5583 1051 5631 late
1067 5580 1176 5646 petitum
1191 5579 1218 5631 in
1238 5596 1265 5632 r·
1282 5583 1405 5645 portcsenti
1420 5594 1499 5649 anam
1515 5581 1574 5635 lere
1589 5576 1633 5647 sii,
1649 5597 1681 5636 es
1696 5589 1789 5639 olmet-

997 5648 1148 5703 vatiouihus
1159 5648 1245 5718 palam
1263 5648 1304 5704 hot
1323 5651 1336 5720 ξ
1353 5651 1379 5705 3.

1593 5813 1632 5873 bb
