4000 6175
214 348 264 432 lli
423 358 439 403 ι

670 350 716 406 ΑΙ)
733 347 848 405 OPERA
866 348 895 404 S.
916 347 1036 403 teonis
1054 347 1158 402 nitent
1177 345 1355 403 arcessiit.

1781 343 1836 422 ets

214 470 309 526 urinum
325 468 452 539 pleraque
466 466 735 539 pseudoepistolarum
756 463 851 519 lsiduri
875 475 998 531 excerpta
1013 462 1248 529 Aeliiepisoopum
1263 463 1490 523 cantuariensem.
1510 479 1536 518 m
1549 478 1600 532 qua
1616 464 1718 533 aliquot
1740 469 1835 531 pneri-

212 534 1000 598 esreorsententiissauetoruurPatriam,essiiicerisconsti-

124 605 132 616 ’
213 610 359 665 tautonibus
372 610 551 663 ltomauorum
567 604 719 674 pontificum
738 613 797 670 post
817 605 951 667 siricium,
966 619 998 659 ex

212 679 359 732 canonibus
373 676 556 741 roricillorum,
570 689 602 727 ac
616 689 650 727 ex
666 673 792 726 llomsnis
804 672 924 740 legibus:
940 688 999 738 nuc

212 761 280 802 sane
292 747 352 801 nori
365 747 443 814 juris,
457 759 582 814 noveque
592 743 739 810 diciplinae
749 756 801 796 non
812 751 873 795 sunt
884 757 891 806 ;
903 750 998 796 catera

213 816 524 882 scroearndisciplinaur
550 813 705 879 plenumque
727 813 853 866 exlrilerc
876 828 935 878 natm
959 812 999 866 rel

212 883 313 954 jamdiu
325 886 482 951 inoleverat,
496 883 600 951 reliam
615 891 677 936 ante
692 881 827 951 aliq'uaulo
842 881 929 935 idaci
943 896 999 936 ‹tn-

213 963 298 1015 peist.
316 954 462 1021 lnrpostnru
480 960 569 1007 autem
584 952 608 1006 in
622 968 656 1006 eo
669 954 718 1004 sita
733 960 784 1014 est,
799 953 869 1017 quiid
883 952 1000 1005 Pseudo·

213 1021 330 1077 lsidarns
343 1037 389 1077 eas
403 1023 549 1077 sententias
562 1021 595 1076 iis
608 1024 760 1075 aurctorilius
769 1021 997 1089 irnpusueritpuo·

212 1107 271 1145 rrrrn
290 1106 342 1146 uota
360 1103 432 1153 snut,
447 1102 473 1145 el
488 1093 643 1160 posterioris
667 1092 715 1145 aeri
742 1090 906 1155 dsciplluam
931 1092 1000 1146 ariti-

213 1161 352 1226 nniorihus
365 1162 534 1231 pontificibus
548 1160 757 1227 albiniacensi
771 1160 903 1226 prioribus
912 1160 1000 1216 Eccle-

214 1232 261 1283 'sire
276 1232 381 1285 caerulis
399 1247 475 1291 remae
494 1231 629 1295 rigui-sei.
653 1231 785 1285 Caeterum
808 1231 879 1292 quud
898 1229 931 1282 de
951 1248 999 1283 rru-

213 1313 253 1352 rae
263 1300 410 1363 disciplima
421 1299 617 1355 introductione
627 1300 766 1369 ingeritur,
783 1300 881 1353 stultus
891 1299 998 1366 prrirlem

213 1369 293 1436 plane
309 1369 402 1424 luisset
415 1371 555 1437 impostor,
571 1370 593 1424 si
608 1377 744 1438 sperasset
765 1381 840 1421 suaso
862 1369 946 1423 collee
960 1372 999 1422 io-

214 1454 277 1493 nem
291 1448 430 1506 acceptum
444 1439 475 1492 iri
491 1439 525 1493 ab
537 1438 688 1493 bominibus
703 1452 762 1507 quae
782 1452 876 1491 rroram
888 1439 998 1494 omniuo

215 1507 310 1571 discipl
322 1522 381 1561 nanu
396 1507 462 1561 asni
472 1522 578 1576 quoque
594 1508 683 1562 secuti
699 1507 818 1561 moribus
837 1516 863 1560 et
885 1521 998 1562 consue·

214 1576 349 1631 tudinibus
367 1577 555 1631 abhorrentem
570 1582 729 1631 contineret.
750 1575 825 1642 Quod
841 1574 998 1645 slqrrecuo-

213 1661 266 1715 poc
279 1655 372 1699 erruira
391 1646 610 1701 conseretudiuem
626 1647 792 1715 ingeruntur,
807 1645 910 1700 etiarnsi
929 1646 996 1699 bona

213 1727 238 1770 er
255 1715 329 1769 utilia
343 1717 408 1780 sint,
425 1716 481 1783 ipsa
493 1716 611 1771 novitate
623 1715 779 1785 pernrrbare
792 1718 898 1778 solent;
912 1717 998 1769 nautio

212 1784 341 1866 mugistis
356 1786 387 1839 iis
399 1785 544 1838 limerrdnm
558 1795 600 1840 est
614 1784 709 1850 ortibus
725 1785 892 1851 dsciptiuarn
909 1800 955 1852 per
966 1799 996 1840 se

213 1866 341 1919 eptimam
366 1865 393 1908 et
416 1853 595 1909 sanctioribus
620 1854 710 1909 lisinam
729 1854 841 1921 legibus,
864 1837 1034 1923 loragraqueli

213 1937 263 1977 issu
275 1923 309 1977 ab
321 1923 444 1977 omnbus
457 1936 602 1990 receptam,
619 1923 749 1991 quispiam
768 1933 888 1978 euertere
904 1933 930 1976 et
947 1928 995 1977 im·

212 2001 317 2048 marture
329 1994 513 2048 curitenderet.
527 1991 597 2047 Nulli
610 2007 699 2047 ararem
713 1994 995 2055 rusurrianensis

212 2062 279 2116 nulli
290 2063 371 2116 auditi
386 2070 447 2117 siant
464 2062 500 2115 ob
510 2062 632 2116 inductas
645 2061 792 2116 decretales
816 2068 993 2131 apocryptras,

212 2132 263 2185 nisi
277 2131 303 2186 ln
315 2142 501 2201 capacisque
515 2134 547 2186 ad
562 2132 746 2200 episcoporum
769 2146 863 2185 crrrrsas
884 2140 909 2185 el
923 2132 995 2202 ludl-

212 2202 254 2255 cia
268 2201 403 2267 pertinet:
419 2201 561 2269 dequibus
575 2201 662 2267 aliqua
686 2203 753 2262 nprtrl
769 2199 940 2255 Hiuctnarnm
957 2202 995 2256 le·

212 2281 320 2338 giratur,
333 2281 360 2326 et
374 2273 400 2325 in
416 2271 535 2336 epistolis
546 2270 647 2325 Nicolai
663 2270 682 2325 Ι.
696 2269 730 2324 dt
741 2270 765 2323 in
778 2270 819 2324 lais
833 2272 897 2337 ipsis
908 2272 995 2325 eairsis

212 2340 405 2407 atquejudiciis
419 2341 490 2410 qood
505 2342 531 2395 in
544 2339 668 2408 pseudoo,
681 2340 765 2394 isiciis
780 2355 812 2393 ae
828 2339 937 2410 synodis
952 2340 996 2395 lsi·

163 2464 171 2477 ‚
213 2409 330 2462 doriarris
344 2410 468 2473 traditur,
494 2424 547 2462 non
567 2420 624 2462 irat
644 2409 753 2461 omnino
772 2424 879 2462 norunt.
901 2409 995 2464 llanne

145 2486 149 2493 ’
213 2491 301 2532 cau-e
314 2478 429 2547 majores
449 2494 508 2544 nce
521 2477 591 2533 circa
607 2478 791 2532 accusationes
806 2481 991 2546 episcoporum

1052 546 1102 595 pira
1118 533 1264 600 cisalpine
1284 533 1369 601 capita
1390 534 1424 586 ab
1444 534 1537 588 eudem
1556 543 1650 588 saracin
1670 543 1789 604 martyre
1807 547 1835 591 et

1049 600 1251 657 Germaniarum
1272 604 1393 671 apostolo
1406 603 1438 657 iis
1451 604 1476 658 in
1489 603 1643 671 regionibus
1656 601 1787 668 instituto,
1801 621 1835 661 ac

1050 671 1077 725 in
1088 671 1310 741 pseudoepistolls
1321 673 1472 727 isidorianis
1483 686 1575 741 postea
1585 673 1696 739 repetita
1705 674 1837 730 exbiben-

1051 749 1103 796 tur.
1122 742 1192 794 ldem
1206 743 1431 811 prroqirespiritus
1453 744 1479 795 in
1500 756 1671 796 successores
1689 743 1748 810 ejus
1767 743 1833 797 Lul-

1050 811 1116 877 lum,
1137 810 1278 874 llieullum.
1295 812 1448 879 mulgarium
1465 813 1579 872 translit,
1594 818 1624 864 ut
1644 826 1678 865 es
1694 813 1753 866 aliis
1774 829 1835 867 mo·

1050 880 1181 936 trementis
1191 890 1304 937 constat.
1319 881 1395 948 Quod
1410 882 1432 935 si
1446 880 1718 935 Pacuuio-isidorianae
1737 883 1835 936 deere-

1051 951 1118 1004 tales
1131 965 1189 1004 earm
1205 949 1372 1015 disciplinam
1392 951 1546 1016 piratarum.
1562 965 1621 1016 aare
1635 959 1662 1003 et
1677 950 1837 1018 antiquiori·

1050 1019 1100 1073 bus
1111 1019 1227 1074 decretis
1242 1031 1320 1086 atprre
1332 1034 1419 1074 canon
1433 1025 1479 1074 lun
1494 1020 1660 1079 luleicliornr,
1684 1030 1710 1073 et
1729 1020 1835 1087 jamdiu

1049 1098 1111 1141 ante
1124 1090 1217 1143 saitem
1231 1089 1265 1144 iis
1278 1091 1303 1142 in
1315 1091 1466 1157 regionibus
1475 1090 1589 1158 rigebat.
1606 1088 1650 1142 tilii
1666 1088 1834 1143 Pseudo-lsi·

1049 1157 1131 1211 dorns
1142 1160 1201 1211 illas
1216 1158 1351 1223 condidit;
1367 1176 1428 1213 nram
1442 1174 1516 1227 renim
1537 1162 1571 1211 sit
1592 1158 1637 1210 illa
1656 1159 1835 1227 reprehensio

1048 1241 1100 1295 quin
1120 1244 1197 1282 nurus
1217 1227 1366 1293 distiplinte
1384 1228 1544 1283 introductio
1565 1228 1631 1295 ipsis
1649 1228 1834 1284 deserentibus

1048 1296 1216 1364 attribuitur,
1241 1297 1355 1367 quisquae
1380 1300 1521 1367 intelliget.
1549 1296 1644 1366 [legari
1663 1305 1752 1352 nmen
1778 1313 1834 1353 non

1049 1380 1127 1434 posse
1143 1366 1255 1430 uidetur,
1268 1367 1330 1435 nrrin
1342 1368 1437 1423 cadem
1447 1367 1586 1437 disciplina
1598 1367 1675 1421 latius
1687 1379 1833 1436 propagata

1049 1437 1134 1499 magis
1149 1436 1232 1490 mullo
1247 1437 1396 1504 inoleverit,
1409 1450 1548 1507 postquam
1563 1437 1663 1490 caedent
1679 1435 1834 1492 decretales

1048 1504 1127 1558 edire
1138 1505 1312 1576 etdinulgaiae
1325 1506 1441 1573 luserant,
1450 1523 1481 1562 ae
1491 1523 1552 1561 mox
1564 1507 1589 1560 in
1599 1506 1756 1574 quibusdam
1767 1522 1834 1559 eon·

1048 1573 1344 1644 discrepantesque
1362 1576 1475 1631 subinde
1494 1580 1601 1631 inserte
1615 1575 1642 1629 iu
1658 1575 1836 1630 collectiones

1047 1640 1203 1713 Reginonls,
1216 1644 1342 1702 Burrcardi
1356 1657 1381 1700 et
1396 1646 1589 1711 aliorumnas
1610 1645 1645 1699 ob
1655 1660 1730 1700 suam
1742 1647 1835 1701 breui·

1048 1717 1128 1766 mrem
1143 1729 1174 1768 sc
1187 1716 1340 1770 metiundum
1355 1730 1451 1785 magno
1466 1717 1523 1770 usui
1539 1716 1622 1770 luere.

1092 1782 1105 1851 5
1119 1786 1145 1836 d.
1163 1784 1199 1837 lle
1210 1793 1315 1838 uectore
1329 1798 1353 1840 et
1365 1796 1477 1854 tempore
1487 1788 1602 1858 ejusdem
1615 1782 1782 1839 collectionis.

1084 1852 1127 1906 ia.
1142 1852 1234 1909 isidori
1249 1870 1345 1908 nomen
1366 1857 1513 1924 praelationi
1536 1855 1571 1908 ab
1585 1857 1730 1922 impostore
1745 1856 1834 1910 luisse

1047 1919 1204 1991 inscriptum
1214 1938 1247 1978 eo
1258 1926 1383 1989 coussslio,
1400 1933 1429 1978 ut
1440 1925 1470 1979 S.
1483 1925 1586 1979 isidoro
1599 1923 1749 1989 llispalensi
1773 1926 1836 1993 epi-

1046 2002 1128 2057 seopo
1138 2004 1205 2056 opius
1218 1993 1389 2056 tribueretur.
1401 1995 1535 2050 innuimus
1553 2008 1628 2048 num.
1642 1992 1669 2056 3,
1686 1993 1730 2048 ulti
1746 1996 1832 2050 etiam

1047 2061 1216 2126 probavimus
1230 2065 1297 2117 banc
1308 2064 1493 2119 collectionem
1510 2063 1598 2119 eidem
1617 2072 1710 2119 sancto
1731 2065 1838 2118 ascribi

1047 2145 1099 2182 nuru
1115 2145 1204 2197 posse.
1216 2133 1338 2203 Plerique
1349 2147 1407 2187 eam
1420 2134 1526 2202 adjudic
1535 2142 1573 2188 ιιι
1585 2132 1687 2187 lticntlo
1700 2134 1837 2202 episcopo

1047 2198 1209 2270 lloguutino,
1223 2218 1301 2272 quem
1314 2203 1512 2269 collectionem,
1528 2203 1566 2257 uti
1578 2203 1720 2267 putabatur
1733 2203 1835 2259 isidori

1048 2269 1220 2336 Hispalensis,
1235 2289 1266 2326 er
1283 2272 1408 2341 Hispania
1426 2273 1530 2328 allatam
1545 2272 1683 2342 lloguutise
1701 2271 1836 2340 edidisse,

1045 2346 1073 2391 et
1082 2339 1108 2392 in
1120 2340 1219 2395 vicinas
1228 2341 1374 2396 Galliarum
1385 2343 1507 2411 regiones
1517 2345 1656 2411 castigasse
1667 2342 1833 2399 lliuomarns

1046 2406 1186 2463 llernensis
1212 2412 1320 2464 tradidit
1342 2411 1368 2467 ln
1392 2413 1521 2473 orrrrsculo
1544 2421 1636 2465 corrtra
1657 2411 1831 2466 lliocmsrum

1046 2475 1259 2546 baurluoensem,
1275 2494 1334 2549 cap.
1347 2480 1393 2535 ld.
1405 2481 1436 2536 Si
1448 2496 1504 2535 cero
1514 2482 1651 2543 ideotuliu,
1664 2481 1758 2550 lanarii,
1771 2498 1833 2547 guoe

212 2558 376 2610 versantur,
396 2547 477 2602 certis
502 2546 670 2615 sittianorum
700 2547 854 2611 panniacum
878 2547 994 2602 decretis
1045 2546 1091 2598 tidi
1106 2549 1161 2601 eisc
1173 2558 1242 2613 suut,
1262 2551 1295 2602 cle
1310 2552 1424 2620 prelatis
1439 2553 1571 2605 sententiis
1590 2552 1778 2620 (engilramni)
1796 2568 1835 2606 ee

213 2617 366 2682 spostolicae
376 2615 433 2671 sedi
452 2630 608 2679 reservatae,
625 2612 684 2670 siue
697 2617 756 2678 ciris
769 2632 878 2670 assessu
891 2616 995 2672 deliniri
1045 2630 1112 2683 slepe
1137 2619 1280 2672 merueratis
1298 2622 1411 2689 epistolis
1430 2621 1620 2686 detruncando,
1642 2632 1666 2675 ci
1688 2632 1834 2687 preposte-

232 2680 382 2751 poterantl
435 2684 501 2739 Vide
513 2685 583 2740 inter
599 2695 693 2739 cetera
714 2685 811 2740 Leonis
825 2687 951 2752 epistolas
965 2687 992 2751 6,
1044 2685 1136 2749 rende,
1152 2696 1228 2756 utque
1239 2689 1425 2743 disordinando
1438 2690 1572 2762 collepisti,
1583 2692 1645 2759 puls
1657 2694 1723 2758 {orte
1735 2692 1837 2753 parant

214 2749 247 2808 ld
264 2760 291 2807 et
302 2754 349 2819 ll,
360 2762 387 2807 et
398 2753 518 2823 Gregorii
539 2755 570 2808 ΙΙΙ
591 2770 625 2823 ep
636 2755 731 2809 stolam
752 2759 863 2823 primam
878 2756 911 2810 ad
933 2756 992 2809 arni·
1044 2756 1171 2809 nerninem
1184 2760 1263 2810 ulium
1276 2759 1376 2813 eosdem
1397 2766 1544 2827 sententias,
1563 2761 1602 2814 nel
1622 2761 1692 2822 ips2s
1708 2762 1837 2824 epistolas

215 2836 310 2877 uersos
323 2825 474 2890 epscopus.
488 2822 581 2879 Nonne
603 2825 787 2893 episcoporum
803 2827 994 2895 appellationes
1045 2825 1432 2894 permissapermissa
1454 2828 1529 2883 tolio
1539 2829 1615 2883 libere
1634 2841 1658 2884 ie
1680 2831 1835 2884 existimasti

213 2894 378 2947 adeamdern
389 2894 601 2963 scdemamtiqnis
611 2896 789 2949 canonibuscl
798 2896 993 2963 consuetudini,
1047 2909 1123 2960 posse
1136 2896 1321 2965 eolliprre;res
1334 2899 1400 2951 miro
1419 2909 1467 2961 esi,
1488 2915 1546 2953 curn
1566 2899 1598 2952 de
1617 2899 1680 2965 ipris
1699 2902 1838 2954 sententiis

213 2974 245 3014 ae
257 2966 386 3025 primatus
398 2963 478 3016 etiam
493 2963 544 3032 iuri
557 2966 662 3017 innuas
678 2966 846 3028 probavimus
858 2965 883 3019 in
893 2964 994 3019 Obser-
1044 2964 1121 3034 pleno
1135 2967 1167 3018 sit
1181 2966 1230 3018 isto
1245 2975 1323 3033 terres,
1339 2972 1403 3022 sicin
1419 2980 1442 3021 et
1455 2970 1488 3023 dc
1502 2968 1566 3022 libro
1579 2969 1742 3022 collectorum
1764 2968 1832 3040 Epi·

214 3031 365 3086 rationibus
381 3032 415 3087 ad
430 3031 537 3087 dissert.
553 3034 727 3100 5Quesnelli,
744 3044 811 3103 part.
825 3049 844 3101 r,
859 3046 884 3089 c.
899 3037 925 3096 ⁵.
938 3035 955 3090 li
967 3041 996 3090 ct
1044 3036 1166 3088 stolorum
1181 3035 1213 3089 ob
1231 3033 1342 3105 isidero,
1359 3054 1433 3106 quem
1456 3041 1487 3094 de
1508 3037 1637 3106 Hisponis
1654 3040 1763 3094 ulloturn
1783 3039 1835 3092 lli-

213 3098 251 3154 ll
263 3099 302 3154 Ne
316 3116 410 3156 onrncs
426 3105 576 3166 promiscue
596 3105 768 3158 admittantur
783 3103 891 3177 [cessit]
906 3105 938 3158 ad
950 3119 994 3160 nc·
1046 3104 1130 3172 rullus
1146 3104 1311 3174 llopuntiuss
1332 3110 1503 3178 episcopusin
1516 3108 1675 3175 uniusmodi,
1688 3111 1750 3162 sicut
1765 3119 1788 3163 et
1804 3111 1839 3164 iu

213 3170 360 3224 comodum
388 3173 562 3238 episcopum,
587 3183 693 3227 carrium
714 3173 797 3227 laterai
813 3175 839 3228 in
851 3169 1031 3232 cannaribusC
1047 3175 1165 3239 capitulis
1177 3178 1254 3245 replis
1267 3179 1404 3245 studiosus,
1419 3180 1538 3243 obtinuit,
1553 3187 1577 3232 et
1590 3182 1652 3232 istos
1663 3181 1777 3248 repienea
1799 3196 1835 3233 ee

212 3238 320 3296 Gedicis
332 3239 448 3294 dirieaoi
464 3241 525 3300 llil.
541 3241 602 3303 lali,
616 3244 666 3297 isti
678 3254 707 3297 et
717 3243 777 3306 tsi,
790 3259 838 3308 nce
849 3258 900 3296 non
912 3246 992 3297 ctiam
1046 3241 1093 3296 itio
1105 3245 1198 3311 repleri
1214 3246 1283 3313 {erin
1297 3248 1362 3301 Cum
1376 3264 1439 3302 nero
1456 3248 1577 3303 lticullus
1594 3249 1770 3318 negauimus,
1785 3250 1839 3316 qui

213 3321 317 3363 carrona
336 3317 413 3363 serto
435 3311 538 3366 concilii
562 3311 628 3370 GP..
651 3328 729 3382 quern
743 3328 775 3367 ex
791 3314 885 3367 Graeco
901 3314 993 3368 codice
1046 3311 1124 3366 lullo
1138 3317 1265 3368 suecessli
1279 3331 1350 3371 anim
1364 3319 1415 3373 786
1430 3323 1469 3372 rel
1488 3319 1579 3378 78'l,c
1599 3320 1665 3372 riuis
1684 3320 1836 3374 excesserit

213 3375 356 3432 Nicolausl
371 3378 459 3432 laudat
469 3381 580 3447 epistola
599 3396 703 3435 cretona.
728 3382 874 3450 Episcopus
892 3383 992 3450 ejectos
1047 3397 1119 3435 atino
1133 3383 1194 3450 sit,
1212 3385 1238 3437 in
1254 3387 1413 3442 collectione
1435 3397 1525 3442 atatem
1551 3387 1695 3441 lsidoriana
1709 3386 1833 3455 epistolar

213 3459 237 3500 oi
253 3447 308 3501 ruis
322 3449 401 3501 rasin
412 3449 572 3517 ersprrliatus
586 3465 638 3504 nou
652 3452 786 3518 cogendos
801 3453 833 3505 ad
850 3451 992 3519 judicium,
1043 3451 1165 3520 praedam
1179 3456 1376 3518 contineantur,
1391 3473 1433 3512 er.
1446 3473 1486 3527 gr.
1497 3457 1594 3512 Urbani
1609 3457 1655 3512 let
1665 3457 1775 3513 inarmis
1786 3458 1832 3524 ΙΙΙ,

212 3516 265 3570 nisi
287 3516 359 3584 prius
384 3519 410 3570 in
429 3533 506 3571 surim
526 3520 636 3588 gradum
655 3520 829 3575 restituantur
854 3531 882 3576 et
903 3523 991 3575 omnia
1047 3521 1142 3589 nauibus
1152 3523 1185 3574 ab
1200 3524 1346 3594 impostore
1359 3528 1466 3582 insertus
1484 3528 1592 3582 luerunt
1611 3526 1645 3581 ad
1659 3528 1767 3581 rerlrurn
1780 3527 1836 3579 ali«

214 3583 315 3641 eisdem
340 3587 427 3640 abluo
452 3590 675 3656 redintegrentur,
695 3591 830 3659 colligitur
844 3607 877 3645 ex
901 3592 994 3646 codice
1046 3601 1110 3658 quiot
1122 3595 1377 3650 senterarteconeilii
1392 3596 1549 3651 parisiensis
1561 3596 1686 3651 celebrati
1702 3596 1831 3679 [carras]

214 3654 494 3723 seolseiensium,
509 3672 534 3712 e.
549 3659 666 3718 didiae
680 3659 900 3729 etaliaejusdem
914 3675 995 3730 gerre-
1045 3674 1116 3713 anno
1141 3660 1206 3730 829,
1236 3663 1315 3719 basce
1345 3666 1505 3734 imposturas
1529 3666 1569 3735 (o)
1593 3666 1697 3720 llicullo
1720 3667 1836 3722 attribue

212 3725 333 3790 rismum
354 3742 429 3780 niune
449 3727 543 3794 discipl
556 3744 597 3783 nae
619 3744 634 3783 a
655 3729 926 3786 Pseudo-isidorianis
948 3732 992 3786 de·
1046 3744 1097 3782 nun
1110 3744 1190 3798 posse
1213 3733 1306 3802 ligaret.
1323 3733 1480 3789 llincmarus
1503 3751 1568 3790 uero
1589 3737 1757 3791 excursandus
1777 3747 1834 3803 est,

212 3795 358 3848 sremlibus
374 3795 488 3850 iuutuene
504 3799 667 3860 tribuuntur,
688 3801 775 3867 tegere
789 3800 879 3854 licebit
897 3803 923 3854 iu
935 3802 994 3865 epi·
1045 3799 1143 3868 nuippe
1157 3815 1237 3870 ouem
1253 3803 1310 3858 laec
1321 3803 1389 3858 bona
1406 3805 1457 3860 lide
1474 3806 1622 3874 sumpsisse
1645 3805 1781 3866 credimus
1797 3822 1835 3863 es

189 3885 195 3890 ·
212 3862 290 3916 suits
305 3864 333 3928 t,
349 3867 405 3918 liet
421 3867 455 3921 58
473 3866 572 3920 Nicolai
586 3867 607 3931 l,
622 3869 666 3936 ptri
682 3877 770 3921 tarrren
781 3883 810 3920 ea
828 3884 879 3922 raon
895 3886 927 3923 ex
942 3871 996 3924 iliis
1046 3867 1190 3924 Benedicto
1205 3871 1292 3927 levita.
1309 3874 1332 3928 ls
1342 3876 1412 3928 euim
1423 3875 1449 3929 in
1460 3875 1616 3946 praelatione
1631 3875 1664 3929 sd
1679 3886 1733 3930 tres
1748 3876 1836 3930 libros

212 3934 383 4001 apocryphis,
395 3936 490 4000 gruibus
498 3937 618 4000 carebat,
637 3936 684 3990 sel
697 3952 730 3990 ex
740 3937 934 4005 antiquioribus
947 3940 996 3992 do·
1045 3938 1236 4006 capitularium
1252 3956 1278 4007 r,
1294 3959 1330 4009 ur,
1345 3954 1370 3997 et
1383 3959 1429 4012 ru,
1445 3948 1478 3998 ab
1493 3945 1551 4006 ipso
1565 3945 1683 4014 digestus
1706 3954 1733 3999 et
1744 3945 1837 4000 editos

213 4003 345 4055 sumentis
370 4003 511 4058 confirmat
534 4020 541 4056 ε
568 4005 792 4069 narernsdmodum
816 4016 879 4061 ante
909 4008 994 4074 lpum
1046 4008 1228 4062 circaannum
1242 4010 1478 4080 sasacrtpsenu:
1496 4014 1839 4086 cleronomialem

213 4069 311 4125 lecerat
328 4073 408 4126 etiarm
426 4073 570 4141 Gregorius
589 4073 622 4127 tv
642 4074 668 4128 in
684 4075 761 4141 epist.
781 4075 790 4129 Ι
809 4076 841 4127 ad
858 4077 996 4132 universos
1045 4074 1073 4128 in
1086 4077 1293 4141 subsequentibus
1308 4083 1388 4135 tribus
1399 4083 1490 4138 libellis
1510 4085 1657 4138 conduma
1677 4085 1836 4150 studuimus,

212 4141 363 4207 epicopus,
379 4144 405 4193 in
424 4157 475 4208 qna
500 4143 634 4196 Verrilonis
655 4145 774 4211 episcopi
795 4145 924 4211 judicium
945 4147 995 4201 silui
1046 4145 1073 4204 ln
1085 4147 1273 4216 diuersislocis,
1286 4160 1311 4204 et
1321 4152 1347 4204 ln
1357 4154 1465 4206 diuersis
1478 4152 1617 4220 schedulis,
1631 4155 1696 4208 urst
1709 4156 1735 4208 in
1747 4155 1835 4207 dicer-

212 4219 341 4263 rcsersat.
364 4210 430 4262 l'ierr
445 4209 551 4275 quidem
565 4212 649 4278 putuit
662 4225 688 4266 ut
705 4217 761 4267 baec
774 4214 926 4284 disciplina,
945 4230 995 4269 an·
1046 4215 1081 4268 sia
1095 4217 1200 4285 synodis
1210 4234 1240 4272 oc
1259 4220 1360 4289 placitis
1378 4222 1615 4292 peneroliduseditc
1627 4234 1710 4284 erens
1721 4225 1836 4290 sparsim

213 4278 295 4344 timuis
306 4278 993 4351 licetjuribusaedecretiscoustituta,nonnrultum,
1046 4285 1197 4349 inoeuintna,
1214 4296 1237 4341 et
1251 4291 1360 4343 ninsirne
1387 4293 1413 4344 in
1434 4302 1528 4345 sanctor
1540 4292 1754 4362 llopunticcensis
1775 4309 1835 4347 nae·

212 4359 261 4401 seu
275 4347 360 4400 rarirrs
370 4348 512 4403 obtinuerit
524 4350 549 4402 in
560 4351 716 4417 quibuisdam
729 4354 795 4408 loeis
805 4355 997 4423 qrraealiiscon·
1047 4356 1152 4425 tropolis
1168 4352 1288 4412 Ecclealae
1299 4360 1415 4414 aesinion
1428 4360 1532 4430 llicullo
1541 4366 1654 4433 ejusdem
1665 4364 1838 4417 soractcsedis

213 4416 582 4472 saretudinibusetcanuuibus
590 4430 736 4478 uterentur.
746 4424 815 4479 Fieri
826 4426 997 4492 ctiamputuit
1047 4429 1242 4491 metropolitano
1252 4430 1392 4493 recondite,
1403 4440 1427 4484 et
1437 4431 1538 4484 deuiam
1548 4434 1579 4485 sb
1589 4433 1709 4486 Autronio
1720 4436 1839 4488 urenda

213 4494 242 4539 ιιι
255 4485 348 4542 cadem
366 4489 504 4554 disciplina
520 4489 546 4543 in
561 4490 675 4544 lusorem
687 4495 830 4560 proborum
842 4495 873 4548 ad
890 4495 995 4549 fraudes
1010 4497 1103 4588 Dejus
1115 4509 1259 4551 successore
1272 4508 1347 4568 utque
1360 4503 1547 4573 corrsonpuineo
1559 4504 1660 4556 inuenta
1679 4504 1834 4572 reputatus,

214 4558 403 4623 praecavendas
422 4558 557 4618 instituta,
582 4574 597 4612 a
617 4563 774 4629 qtribusdam
799 4567 949 4618 traderetur
969 4566 995 4620 ln
1046 4580 1103 4630 qne
1118 4566 1145 4618 in
1158 4568 1205 4619 loe
1218 4568 1341 4636 opusculo
1360 4580 1445 4623 terrore
1463 4572 1635 4638 superscripto
1655 4573 1764 4625 inserere
1778 4590 1838 4627 me-

201 4625 265 4699 ¹aliu
280 4642 336 4690 um,
349 4640 373 4681 er
385 4628 513 4681 rnaluruur
534 4628 682 4694 impunitati
698 4634 819 4686 serviret.
832 4632 997 4689 Pseudo-lsi·
1047 4634 1151 4688 luimus.
1166 4636 1237 4690 lnter
1251 4639 1365 4704 capitula
1382 4654 1446 4693 vero
1458 4641 1493 4693 ab
1506 4642 1557 4694 boc
1572 4643 1670 4695 inserta
1687 4642 1761 4695 libris
1772 4643 1837 4696 lars-

208 4696 272 4749 *dori
295 4710 359 4750 sero
376 4695 519 4750 eonsilium
544 4699 578 4750 alr
603 4698 651 4751 bae
675 4701 843 4765 improbitate
864 4703 993 4770 alienum,
1046 4702 1114 4756 datis
1128 4705 1253 4760 nonnulla
1268 4717 1452 4763 οοιιιιιιιιιιιιι
1465 4710 1587 4777 epistolis
1600 4714 1758 4782 apoerpplris
1773 4713 1835 4778 pri-

214 4776 267 4818 non
284 4764 354 4817 aliud
374 4766 455 4820 luis-e
475 4765 525 4818 nisi
541 4779 568 4819 ur
588 4768 721 4834 episcopis
743 4769 840 4837 injuste
860 4774 995 4838 oppressis
1044 4786 1150 4828 ssorum
1166 4775 1331 4843 pontilieunr,
1345 4779 1466 4847 qrraemm
1478 4795 1511 4833 er
1528 4782 1739 4850 pseudosynodis
1753 4781 1837 4850 Syara-

213 4831 379 4897 srrlrseuiret,
402 4849 434 4886 ex
455 4835 512 4900 ejus
532 4836 886 4902 praelationeintelleximus.
914 4841 993 4898 Forte
1044 4845 1147 4908 ntacbi,
1172 4855 1199 4899 et
1227 4845 1283 4900 lere
1307 4851 1396 4902 omnia
1422 4849 1540 4918 capitula
1571 4851 1604 4903 ad
1633 4851 1837 4917 engilramnum

213 4901 294 4954 etiarn
309 4903 335 4954 in
350 4918 380 4955 ea
394 4902 537 4956 Galliarum
552 4915 627 4969 prarte
637 4907 662 4958 iu
675 4922 725 4975 prta
740 4920 782 4962 est
793 4909 937 4976 llugrmtia,
947 4913 992 4967 ulai
1045 4911 1178 4966 lladriauo
1189 4931 1266 4984 papae
1280 4916 1459 4987 alternaque
1477 4929 1564 4973 tamen
1579 4921 1700 4974 sine‘ulle
1714 4923 1837 4976 auctoris

213 4968 255 5024 ine
269 4971 480 5026 Pseudo-lsrdori
494 4988 607 5036 merces,
621 4984 650 5029 ut
662 4991 722 5030 mos
738 4979 867 5042 dicemus,
881 4981 992 5035 labrice-
1044 4985 1153 5036 nornine
1166 4985 1321 5040 recitantur.
1348 4990 1437 5056 berrue
1451 5003 1517 5042 sero
1530 4989 1588 5044 lires
1602 4990 1772 5045 berredicruru
1794 4990 1837 5043 le·

212 5047 247 5120 tae
260 5040 375 5104 luerunt,
393 5041 577 5123 disciplinam
594 5046 658 5111 ipsis
673 5051 806 5117 proposita
821 5048 920 5114 jauadiu
930 5060 992 5106 artic
1043 5052 1123 5104 uitare
1137 5055 1284 5121 sumpsisse
1293 5057 1432 5112 existimes
1443 5073 1475 5111 ex
1490 5059 1580 5124 aliano
1593 5061 1729 5128 eapitulrri
1739 5076 1836 5128 regum

212 5110 361 5165 trrualuerat
373 5112 401 5165 S.
418 5112 545 5166 llorrilacu
560 5117 677 5182 episcopi
745 5117 889 5185 llogrmiini
900 5134 991 5186 opere,
1045 5120 1221 5187 Francorum,
1236 5138 1268 5177 sn
1279 5140 1332 5190 nuri
1342 5127 1404 5180 itcnr
1418 5128 1512 5182 eadem
1534 5129 1766 5183 Pseudo-isidorus
1781 5145 1836 5184 ea-

212 5193 255 5244 ou·
268 5180 411 5248 aposolica
423 5181 556 5250 legatione
571 5184 690 5246 lrrrretus.
704 5199 830 5252 guantum
842 5189 994 5253 apostolicas
1045 5203 1170 5257 corpeus.
1182 5196 1275 5259 priscis
1290 5194 1532 5263 illispuntilleibus,
1545 5199 1655 5268 synodis
1666 5200 1835 5268 Sputmacbi,

212 5251 362 5303 auctoritati
379 5252 506 5309 deterret.
520 5253 696 5321 eamdemque
711 5256 905 5310 obsecrantium
920 5260 945 5311 in
963 5273 994 5312 ea
1046 5273 1078 5312 ao
1090 5261 1243 5316 lladriauol
1262 5266 1424 5320 attriorrerit.
1437 5267 1465 5321 Si
1478 5267 1549 5322 euim
1566 5283 1596 5322 ca
1611 5268 1717 5324 decreta
1732 5270 1758 5323 in
1777 5271 1838 5334 sin-

212 5314 269 5393 loea
285 5321 408 5374 inducere
417 5322 558 5385 studuerit,
573 5338 607 5376 ex
620 5324 678 5391 ejus
687 5326 807 5393 epistolis
821 5327 913 5394 liquet.
930 5327 996 5384 tide
1047 5330 1115 5383 ceris
1137 5332 1325 5399 capitularibus
1341 5335 1453 5390 luissent
1470 5339 1626 5401 constituta,
1642 5338 1748 5392 inuenta
1765 5354 1838 5396 sano

211 5393 281 5439 inter
292 5399 402 5443 caeteras
415 5392 473 5458 eius
485 5392 625 5461 epistulam
646 5393 698 5450 tos
711 5395 744 5450 ad
758 5394 938 5451 Gudbcrtbum
953 5411 997 5452 ar·
1007 5462 1027 5472 „
1048 5397 1171 5467 luissent,
1184 5402 1206 5455 si
1222 5416 1274 5457 non
1288 5406 1388 5473 omnia,
1400 5407 1495 5461 saltem
1512 5407 1599 5477 aliqua
1613 5408 1744 5477 eiusmodi
1758 5413 1838 5479 capi·

222 5583 229 5597 ,
245 5513 285 5585 (a)
304 5513 435 5595 ltierrllum
450 5523 549 5605 aljprrid
563 5524 624 5609 noui
638 5528 760 5584 attirlisse
775 5531 926 5587 lllundellus
939 5531 995 5588 col·
1048 5535 1132 5591 moria
1144 5539 1255 5598 exstitit.
1272 5541 1369 5597 Verium
1388 5544 1513 5600 beenon
1528 5547 1707 5617 supposititia,
1719 5549 1766 5605 sed
1778 5551 1840 5607 sin·

210 5581 270 5652 ligat
286 5601 317 5640 er
334 5585 403 5640 lrbro
417 5603 450 5642 un
464 5595 665 5660 baprtularmm,
675 5613 700 5651 c.
711 5601 776 5664 stis,
791 5617 860 5656 nanc
873 5605 935 5668 28l,
950 5604 995 5657 ubl
1047 5619 1107 5659 cera
1130 5617 1172 5664 est
1188 5613 1299 5678 epistola
1316 5611 1435 5684 Gregorii
1451 5615 1471 5669 ll
1486 5616 1519 5671 ad
1545 5616 1708 5674 bonilaeium
1724 5620 1840 5689 llogun-

211 5655 257 5708 ille
269 5657 296 5734 in
305 5655 491 5737 ll'ormatlcusi
502 5676 632 5741 epnrerrtu
643 5664 761 5734 Gregorii
772 5685 846 5739 papae
856 5673 994 5742 epistotam
1047 5675 1141 5738 tinum,
1153 5693 1215 5746 nuc
1226 5681 1322 5753 legitur
1332 5695 1395 5740 tout.
1409 5683 1464 5742 itit
1475 5687 1576 5743 Gnncil.
1591 5687 1698 5746 Veneto}
1708 5689 1839 5751 editionis

213 5724 331 5780 attulisse
342 5723 465 5791 traditor,
479 5743 554 5793 crapas
570 5736 643 5790 nulla
656 5752 705 5791 nee
715 5747 788 5797 ante.
803 5757 851 5796 nee
865 5753 926 5803 post
940 5757 996 5798 mc·
1047 5746 1099 5801 col.
1118 5747 1178 5805 tis.
