4000 6175
225 353 275 405 sti
683 352 727 405 tlt
747 352 856 405 cl'elt-
880 352 908 408 S.
928 354 1049 410 LEONiS
1069 353 1175 415 ithNi
1193 351 1328 406 unisse
1342 351 1376 408 X.
1795 356 1846 415 tit

223 486 229 515 i
242 468 285 520 itii
300 467 477 522 confirmatio.
496 465 533 521 [ie
547 471 714 521 sacraztsciito
725 462 843 530 enrpitirii
857 476 882 517 et
898 463 1008 530 sangui·
1023 466 1048 524 ‚i
1062 478 1138 515 sumn
1153 464 1188 518 dc
1202 478 1279 517 sucro
1294 467 1366 519 iente
1381 464 1485 531 ieratis,
1504 478 1549 521 mit
1566 469 1847 528 nil'cetiiirmutionem

159 586 162 591 .
223 552 265 590 tus
286 536 402 600 cinisii,
425 539 458 591 ilc
480 539 558 590 trite-:i
577 547 604 589 ct
626 533 765 589 sanctitate
784 532 897 589 alioruin
918 548 1008 587 sucru-
1060 533 1193 596 temiil,et
1210 535 1268 587 itlen
1282 537 1361 590 voluit
1377 538 1504 601 sepnmri.
1518 538 1543 588 in
1556 554 1608 603 nuo
1621 545 1846 603 rainiiseirioron·

224 622 285 660 nien
298 623 315 657 o
331 623 385 659 nm.
1059 605 1244 665 singninitittis
1259 615 1370 670 possunt
1389 606 1511 672 conjugia
1533 610 1599 662 lieri.
1622 609 1657 662 lie
1675 613 1848 668 peremtione

261 695 271 727 r
290 676 410 732 Secunda
422 690 483 738 pars
493 676 609 727 continet
620 672 654 724 ile
667 672 857 726 constitutione
870 671 1007 736 scelests,
1058 674 1310 739 cttnsniigninitotis,
1323 686 1351 731 et
1366 688 1381 729 a
1394 677 1489 744 quibus
1500 680 1621 739 personis
1632 678 1712 734 dehet
1723 680 1793 735 fleri,
1806 680 1846 738 ne

223 759 247 798 ct
262 746 441 799 ablutionibus
456 743 582 798 ildclinm.
600 742 638 796 ile
652 743 819 796 dedicatione
828 751 856 796 ct
864 755 1008 795 consecra·
1059 741 1216 808 inquirendo
1234 746 1379 809 premels,
1395 757 1422 799 et
1436 746 1471 799 de
1485 747 1638 801 incestuoso
1649 749 1782 821 conjugio.
1800 752 1848 807 iii·

224 817 296 866 tinne
310 814 483 868 ecclesiarum
498 824 524 866 et
538 814 671 866 altarium.
690 812 727 865 ile
740 813 885 881 sepultura,
901 821 929 866 et
944 825 1007 878 pre·
1059 813 1143 865 stiilis
1154 811 1847 887 degrsthbiisconsanguinitatisrecieettra'nsrerso

222 885 347 954 alitteris,
363 893 391 937 et
411 885 445 937 dc
458 897 551 937 corum
567 880 698 935 ecclesiis.
720 884 755 935 be
774 880 886 935 decimis
903 890 931 935 el
943 881 1008 946 teei·
1059 883 1154 935 ordine
1166 882 1314 948 dispositis.

223 956 286 1006 timu
301 950 483 1020 possessione,
497 963 522 1006 et
538 950 796 1020 decouiirgiemibirs
807 950 840 1003 ad
854 950 1007 1005 ecelesiam.
1095 949 1203 1023 [ccciii]
1219 970 1229 1002 i
1246 956 1344 1008 licinia
1356 969 1418 1024 pars
1433 956 1554 1013 continet
1564 955 1598 1011 dc
1611 957 1848 1031 homcidiospou·

224 1023 263 1077 lle
274 1022 425 1088 sacrilegio.
441 1022 477 1073 iic
489 1021 632 1075 liberorum
648 1021 737 1074 tutela.
752 1020 1009 1080 eminentiorem
1060 1029 1140 1074 tanco
1151 1032 1177 1075 et
1192 1039 1244 1075 nim
1255 1034 1413 1088 spontaneo,
1426 1036 1453 1078 et
1463 1025 1534 1093 qnod
1544 1037 1634 1109 potest
1643 1029 1700 1084 lieri
1713 1030 1771 1086 siue
1782 1046 1848 1098 pec·

224 1095 432 1145 commutatione
447 1104 535 1144 renim
546 1091 796 1144 ecclesiasticarum.
811 1087 847 1142 lie
862 1090 1008 1157 scripturis
1058 1099 1128 1144 estu.
1150 1088 1189 1145 De
1206 1108 1239 1144 eo
1259 1095 1303 1160 qui
1322 1095 1467 1161 quemlibet
1486 1098 1613 1151 clericum
1629 1099 1763 1167 reciderit,
1780 1101 1846 1169 quid

222 1173 250 1216 et
263 1161 423 1216 authenticis
436 1161 565 1214 conciliis.
1060 1159 1154 1212 delicat
1169 1163 1322 1217 einendnrc.
1338 1163 1376 1217 iic
1390 1179 1423 1217 en
1436 1164 1481 1232 qui
1494 1168 1656 1236 percusserit
1666 1170 1806 1224 mulierem
1816 1172 1846 1225 in

261 1250 271 1282 i
289 1233 378 1286 Tertia
393 1244 454 1298 pars
480 1233 598 1283 eontinet
619 1229 652 1283 de
669 1229 801 1285 electione
820 1237 849 1282 et
866 1242 1006 1282 consecra·
1059 1239 1135 1282 utero
1146 1229 1297 1297 hitherium,
1313 1244 1341 1286 ct
1356 1235 1506 1301 abortierit,
1519 1247 1605 1290 utrum
1621 1238 1793 1294 homicidium
1807 1241 1847 1296 ic-

223 1302 294 1357 tinue
310 1318 394 1370 papae,
410 1302 679 1367 archiepiscoporum.
695 1299 732 1353 lie
744 1299 891 1363 ordinibus,
903 1299 938 1353 de
950 1301 1007 1352 cle·
1057 1299 1137 1361 cinit,
1149 1315 1242 1354 iit-cim.
1256 1300 1293 1355 b·
1307 1304 1539 1367 tircairnnonibus,
1551 1315 1578 1360 el
1589 1307 1807 1375 divinationibus,
1818 1321 1847 1366 el

223 1373 296 1437 ricis,
310 1380 338 1427 et
351 1371 385 1426 ile
399 1370 474 1425 laicis
501 1368 660 1423 ordinandis
673 1379 701 1422 et
716 1383 769 1423 nott
789 1368 955 1423 ordinandis.
971 1368 1009 1421 be
1059 1368 1166 1422 diverso
1179 1384 1277 1439 genere
1292 1378 1404 1433 iurgium
1421 1386 1499 1431 artis.
1516 1376 1552 1431 ile
1572 1386 1666 1432 natira
1681 1380 1846 1435 demonum.

224 1442 370 1495 mutatione
383 1442 578 1507 episcoporum.
593 1438 632 1494 iic
641 1438 773 1493 ordinatis
784 1453 836 1491 non
851 1438 1008 1492 retirdinan·
1059 1436 1099 1491 lie
1110 1443 1236 1492 siirtilins.
1251 1439 1289 1496 be
1301 1444 1488 1497 assumtione
1499 1446 1602 1500 illerum
1616 1454 1642 1501 et
1652 1452 1795 1504 metisimn.
1808 1451 1847 1506 iie

223 1514 274 1568 iiiii.
291 1513 328 1565 lle
340 1519 478 1566 continent
490 1525 504 1562 a
518 1510 712 1564 ordinatorum.
725 1508 762 1563 bc
775 1508 922 1564 siinoniace
935 1510 1010 1562 orili-
1060 1507 1217 1569 'hraineino
1241 1512 1309 1576 ipiniid
1332 1513 1429 1567 debeat
1452 1510 1552 1583 teneri,
1565 1522 1658 1583 ticeni»,
1674 1526 1701 1572 ct
1714 1534 1781 1588 quos
1798 1520 1846 1575 ira-

223 1585 294 1636 uatis
304 1589 334 1637 ct
346 1580 553 1642 ordinatoribus,
569 1578 640 1649 quod
655 1581 765 1632 omuino
776 1577 831 1632 sitit
844 1577 1007 1646 deponendi,
1097 1588 1124 1630 st
1140 1582 1260 1635 comitis.
1278 1580 1316 1635 be
1330 1583 1403 1639 ennii
1417 1600 1515 1654 genere
1530 1579 1688 1640 timiniani.»

224 1651 334 1720 utipnod
349 1650 558 1705 misericorditer
573 1649 772 1703 reconciliandi.
790 1647 828 1703 iic
841 1648 1009 1720 protectione
1094 1648 1122 1701 l.
1146 1647 1264 1703 i'itot'cnt
1283 1652 1478 1719 collectionem,
1504 1670 1564 1724 quae
1583 1655 1715 1711 Decorum
1736 1658 1848 1718 dicitnr.

225 1723 420 1776 hereticorum.
433 1720 470 1775 De
482 1719 563 1787 lapsis
575 1720 602 1774 in
613 1721 697 1773 ratris
706 1718 854 1783 ordinibus,
870 1717 941 1787 quod
955 1734 1007 1772 nou
1061 1712 1168 1772 irenem
1185 1720 1285 1774 haltere
1298 1732 1435 1776 auctorem
1449 1741 1529 1778 nenio
1543 1724 1653 1781 dubitat.
1669 1727 1707 1782 iic
1727 1726 1847 1783 Poscor-

224 1793 339 1845 iicbesnit
354 1791 517 1855 ministrare,
527 1791 646 1915 ccaldonii
661 1789 870 1844 misericorditer
880 1788 914 1843 sd
930 1787 1009 1842 utini·
1023 1789 1111 1889 1,usin
1126 1803 1190 1842 tero
1205 1806 1298 1858 inrigua
1312 1794 1501 1848 internetione
1515 1797 1762 1862 tenttiiiiunesrio.
1784 1800 1849 1851 iiiii·

224 1862 363 1917 strandum
386 1860 490 1928 possint
510 1874 525 1911 a
592 1873 648 1915 ere.
674 1860 711 1912 ite
729 1860 835 1914 clericis
856 1858 1007 1923 homicidis,
1060 1859 1165 1911 centius
1179 1860 1373 1927 bellovacensis
1388 1862 1432 1916 lili.
1453 1878 1504 1917 riir
1520 1866 1626 1934 specul.
1642 1866 1742 1922 llistiir.
1756 1883 1782 1923 c.
1799 1868 1848 1931 lit,

225 1933 294 1997 eriod
308 1949 360 1987 utin
371 1930 487 1987 debeant
501 1930 662 1984 ministrare.
680 1931 716 1984 lle
726 1930 864 1984 usurariis.
877 1930 914 1981 lle
923 1930 1009 1983 serris
1062 1937 1123 1996 post
1134 1932 1253 1982 notitiam
1269 1930 1367 1985 decreti
1376 1929 1473 1992 ieonis.
1484 1937 1554 2001 quod
1566 1937 1689 1992 minoren
1700 1955 1750 1991 non
1761 1953 1850 2005 purete

226 2017 272 2072 per
293 2003 468 2072 ignorantiam
489 1999 629 2061 ordinatis,
650 2001 694 2068 qui
715 1999 830 2054 debcant
852 2013 961 2053 manere
981 2000 1008 2053 in
1060 1999 1221 2120 piiioiitimtis,
1239 2017 1284 2054 ricc
1305 2002 1379 2070 {urile
1396 2005 1514 2069 portatile
1531 2004 1656 2071 nllirmit,
1677 2008 1734 2062 hanc
1752 2008 1849 2063 addit:

225 2072 402 2139 ordinatione,
416 2071 460 2139 qui
477 2084 540 2125 non.
554 2071 592 2126 iic
604 2070 709 2124 clericis
719 2069 844 2133 ebriosis,
855 2070 1009 2122 scurrilato-
1091 2084 1140 2139 ripn
1154 2068 1349 2126 cutnlnnucnsi's
1361 2088 1393 2125 cr
1404 2074 1492 2127 codem
1513 2074 1638 2129 ieiumiitc
1657 2077 1799 2130 oilrerimo
1812 2078 1852 2131 ii·

226 2144 311 2198 r'rhits.
329 2142 366 2197 lie
380 2143 529 2196 monachis.
546 2139 585 2194 be
603 2149 681 2193 celate
695 2154 746 2208 uua
767 2142 870 2208 possint
883 2149 1009 2208 parentes
1060 2138 1153 2192 itciltnn
1166 2141 1310 2207 portatilem
1324 2143 1416 2212 tcpimr
1430 2149 1666 2216 comminiscere
1679 2149 1853 2218 etipsenptsd

224 2213 408 2267 contradicere
421 2211 541 2279 religioni
561 2211 687 2276 liliorum,
706 2220 734 2263 et
751 2224 803 2280 qua
823 2223 875 2264 non
896 2214 1008 2275 possint.
1060 2209 1313 2270 northusunensi
1326 2212 1498 2267 Decreturiini
1511 2214 1597 2270 lvonis
1610 2217 1764 2283 appelletur.
1778 2221 1853 2271 ilinc
1931 2247 1937 2257 ·

227 2284 265 2338 ile
278 2283 375 2351 viduis,
390 2293 418 2337 et
434 2280 581 2351 uirginibus
597 2280 701 2334 relatu.
717 2279 753 2335 lic
767 2279 920 2333 abuiitssts.
1062 2277 1237 2334 Sebastianus
1252 2281 1360 2344 ilmndt,
1373 2282 1418 2351 qtii
1436 2283 1620 2340 Patrimonium
1634 2285 1728 2348 edidit,
1746 2287 1854 2351 primus

263 2372 273 2405 i
290 2352 389 2421 Quarta
401 2367 463 2421 pars
476 2351 596 2405 continet
605 2349 639 2404 de
650 2361 763 2415 primatu
774 2360 802 2404 et
816 2348 945 2417 dignitate
955 2347 1008 2401 iiii·

225 2439 312 2479 inane
329 2421 465 2478 Ecclesiae.
485 2420 522 2475 be
541 2419 662 2475 conciliis
681 2419 870 2473 conlocandis.
896 2418 934 2472 lie
949 2433 1010 2486 prir-

226 2493 312 2548 vincia
325 2492 460 2562 quomodo
476 2494 510 2544 sit
530 2491 727 2544 constituenda.
749 2487 787 2543 ile
807 2498 938 2557 potestate
953 2490 1007 2556 pri-

226 2570 368 2625 malumst
384 2561 647 2627 metropolitiuurum
663 2560 859 2627 cpiscoporum.
878 2559 915 2612 iic
926 2572 1009 2619 treso-

227 2636 271 2690 iiis
291 2644 318 2685 et
336 2634 425 2688 causis
444 2633 611 2693 clericorum,
633 2630 676 2683 nbi
696 2628 812 2685 deberet
831 2629 947 2683 tracturi.
972 2628 1010 2694 iii

226 2701 349 2773 spoliatis
360 2701 544 2758 revestiendis.
557 2700 595 2754 lle
606 2701 786 2773 accusatione,
800 2710 828 2753 et
841 2713 893 2767 quo
904 2698 1008 2761 otene,

225 2784 252 2829 ot
266 2788 281 2828 a
295 2773 391 2845 quibus
409 2774 539 2842 personis.
554 2779 581 2823 et
594 2771 724 2824 adversus
740 2785 808 2841 quas
823 2781 951 2841 personas
963 2769 1011 2825 de·

226 2848 296 2912 licat,
312 2843 355 2899 tel
372 2857 424 2898 uon
444 2842 540 2899 debeat
554 2840 621 2897 ileri.
641 2839 680 2895 De
695 2840 819 2905 testibus,
834 2837 890 2909 mii,
905 2847 932 2894 et
945 2854 1012 2910 quo·

226 2918 318 2981 titudo,
333 2924 361 2969 et
373 2923 449 2983 quot,
463 2925 491 2969 et
503 2912 530 2968 iu
542 2928 597 2981 uini
610 2911 716 2982 nepoti
731 2912 866 2966 testificari
882 2910 1008 2965 debeant.

228 2984 415 3054 liciudicibus,
427 2986 519 3054 quales
529 2983 644 3037 debcant
657 2996 728 3049 esse,
742 2991 768 3036 ct
781 2982 887 3051 quando
900 2989 1010 3034 seuten-

227 3060 289 3110 tiam
302 3054 397 3124 iudicii
416 3056 533 3110 deleant
547 3051 676 3120 prolerre.
699 3052 735 3108 ite
754 3052 942 3120 appellatione,
957 3065 1011 3120 quo

1062 2348 1181 2402 oiuiiiuni
1204 2352 1354 2419 suspicatus
1375 2362 1416 2406 est
1437 2354 1505 2408 itanc
1525 2369 1585 2410 esse
1607 2360 1692 2425 pitius
1714 2356 1854 2411 Suinmtsm

1061 2421 1217 2472 decretorum
1229 2420 1317 2489 ironis
1327 2421 1361 2475 ub
1373 2422 1481 2492 lingone
1492 2424 1677 2483 catalaunensi
1690 2442 1722 2481 es
1734 2426 1855 2482 becrcto

1063 2488 1151 2542 ivoitis
1165 2501 1330 2559 excerptum,
1345 2508 1424 2561 nisum
1441 2495 1522 2560 ipsius
1538 2494 1624 2551 isonis
1637 2511 1717 2564 opus.
1729 2496 1855 2552 loannes

1062 2556 1199 2638 iloiiniens
1224 2561 1250 2614 in
1274 2560 1393 2617 editione
1414 2564 1518 2618 ileereti
1538 2565 1659 2620 eamdem
1684 2568 1850 2620 sementiam

1061 2638 1174 2696 ilti‘tpttii
1188 2644 1219 2685 ac
1235 2634 1427 2701 propugnavit:
1445 2648 1477 2688 ac
1490 2636 1604 2690 subinde
1624 2636 1672 2689 hos
1685 2638 1768 2691 secuti
1784 2648 1856 2692 sunt

1062 2709 1230 2754 correctores
1247 2700 1369 2767 Romani,
1384 2712 1411 2756 et
1421 2702 1451 2755 P.
1467 2707 1598 2759 Antonius
1612 2704 1858 2775 paginshnrero

1062 2782 1123 2850 cum
1138 2769 1273 2835 Stephano
1288 2772 1397 2827 ltaiuz'io
1410 2775 1435 2827 in
1450 2773 1604 2843 prelatione
1618 2777 1651 2829 ad
1666 2776 1784 2846 dialogos
1798 2775 1857 2830 hu-

1064 2847 1128 2891 tonn
1143 2842 1284 2909 Augustini
1298 2842 1332 2898 de
1349 2843 1536 2900 cittendatiouc
1556 2845 1676 2901 Grstiani
1695 2862 1746 2899 uon
1762 2848 1859 2901 uiiutts

1063 2907 1195 2965 i’anuorm
1209 2927 1251 2965 am
1276 2928 1355 2980 quain
1379 2912 1520 2970 ilecretum
1546 2915 1616 2970 lieni
1640 2915 1856 2980 adpudicaritnt:

1062 2991 1225 3051 senseritque
1232 2996 1293 3037 enm
1303 2986 1375 3049 prins
1386 2983 1539 3040 lucubrasse
1549 2984 1746 3049 Parnormiaro,
1753 2987 1858 3047 deinde

1062 3063 1128 3104 sero
1140 3066 1200 3107 cum
1213 3067 1272 3107 eam
1286 3053 1434 3122 legentibus
1448 3055 1552 3124 probsri
1568 3056 1735 3119 ribemot
1750 3060 1858 3111 airctin-

227 3136 360 3192 tempere,
379 3133 408 3179 et
428 3139 480 3193 ipiia
500 3124 604 3178 ratione
621 3117 718 3177 delicit
739 3123 807 3189 lieri,
829 3134 857 3177 et
875 3121 910 3177 de
931 3133 1011 3193 pena
1063 3134 1121 3175 rem
1131 3124 1317 3180 collectionem
1326 3126 1662 3181 coriciimaudsmsnimum
1672 3127 1859 3198 appulissem

228 3197 297 3267 ripale
306 3195 506 3268 appellantium.
1026 3197 1049 3263 c
1064 3192 1169 3261 utrique
1182 3194 1256 3261 operi
1270 3197 1392 3249 ctirnilein
1406 3196 1544 3266 prologum
1560 3205 1675 3266 aptasse.

264 3283 274 3318 i
291 3265 388 3333 Quinta
403 3280 463 3333 pars
475 3264 592 3319 continet
604 3262 638 3316 de
648 3262 754 3318 clericis
766 3262 821 3316 sola
835 3262 941 3334 inlamla
951 3263 1011 3318 sirie
1100 3265 1126 3314 rt.
1147 3263 1214 3330 Quid
1237 3265 1313 3320 nobis
1327 3266 1396 3319 inter
1416 3266 1463 3319 itas
1475 3269 1622 3324 sententias
1634 3265 1799 3337 probabilius
1813 3268 1862 3320 sl-

228 3338 341 3391 titstihus
354 3335 496 3399 accusatis,
515 3345 596 3405 quiite
614 3349 695 3388 iirauu
716 3349 746 3389 se
760 3331 874 3388 debeam
888 3347 1010 3404 purgare.
1063 3329 1166 3399 deutur,
1183 3337 1273 3401 paucis
1285 3335 1488 3402 enprlicshimtis.
1499 3335 1607 3392 Certum
1619 3346 1661 3391 est
1675 3338 1760 3406 primo
1771 3337 1861 3392 eolle-

229 3407 270 3462 iie'
279 3407 367 3461 causis
379 3416 407 3460 et
420 3406 534 3476 iregotiis
549 3407 686 3458 inicorum.
700 3406 739 3458 lte
752 3404 891 3457 vocatione
902 3413 1012 3458 etcum·
1063 3405 1178 3459 ctionem
1189 3405 1303 3472 siiipiatn
1315 3419 1446 3459 canonum
1460 3407 1530 3461 iconi
1542 3407 1637 3463 ascribi
1648 3416 1782 3473 oportere.
1793 3407 1861 3462 hoii

228 3474 1011 3532 niuriicaudttrttm.belicitaetillicitaexcommunicatione.
1064 3472 1149 3527 solutu
1166 3474 1235 3528 enim
1252 3475 1402 3529 ldniitrmat
1417 3477 1582 3543 sigebertus,
1599 3478 1642 3546 qui
1655 3476 1731 3532 ltoiit
1745 3491 1861 3531 comant

229 3549 265 3602 lte
278 3547 456 3602 ahstilutiouc.
473 3544 512 3600 iic
527 3546 636 3614 illisqui
651 3544 890 3600 excommunicatis
903 3544 931 3598 iu
947 3545 1013 3599 lldc·
1062 3541 1123 3607 init,
1139 3544 1259 3600 scribens
1273 3549 1298 3599 iu
1312 3547 1380 3600 libro
1392 3546 1427 3601 de
1439 3543 1537 3612 Script.
1554 3548 1656 3602 iceles.
1671 3560 1697 3601 c.
1720 3548 1789 3600 liiii:
1805 3547 1862 3601 isc

228 3621 301 3673 litate
314 3626 359 3672 ant
372 3627 540 3672 sacramento
554 3616 656 3670 astricti
669 3625 742 3679 sunt,
757 3624 869 3684 possunt
882 3616 941 3669 sinc
951 3630 1014 3685 per·
1064 3611 1227 3667 Carrinensis
1240 3617 1372 3683 episcopus
1385 3619 1526 3683 courpomit
1537 3618 1636 3689 insipere
1647 3619 1764 3670 nolenter
1777 3632 1862 3674 canc-

229 3691 297 3758 iurio
307 3687 418 3749 eibsoliii
431 3686 466 3741 ab
484 3687 529 3740 iilo
549 3697 726 3740 sacramento.
749 3685 787 3739 ile
802 3686 934 3739 hereticis
954 3693 1015 3756 post
1063 3698 1142 3748 num,·
1153 3685 1694 3756 eisimiliterinonpinusiteltieeiistnqui
1706 3687 1783 3753 panto
1795 3697 1862 3754 post

229 3762 341 3813 inertem
352 3759 624 3812 excommunicandis.
633 3756 708 3821 Qinnl
720 3757 754 3810 sit
764 3757 1014 3810 communicandum
1064 3753 1171 3808 itionem
1185 3757 1261 3819 sirit,
1272 3755 1307 3811 de
1319 3755 1418 3823 Scrlpt.
1434 3755 1505 3811 licei.
1520 3771 1546 3812 c.
1564 3755 1598 3810 tis
1611 3773 1618 3811 ε
1633 3755 1678 3810 iiio
1691 3753 1862 3811 eminenti·

229 3841 281 3881 iton
296 3843 329 3882 es
339 3831 448 3882 nomine
460 3827 710 3884 esenirirnunieit‘ts.
1064 3825 1197 3895 episcopus
1209 3826 1295 3880 scribit
1307 3827 1373 3880 inter
1385 3828 1439 3880 iilis
1458 3824 1594 3891 nonnuliis,
1615 3826 1699 3879 lister
1718 3837 1743 3877 tu
1758 3832 1791 3878 dc
1803 3824 1868 3879 Ca..

266 3916 276 3948 l
293 3897 373 3953 Serta
386 3913 448 3968 pars
462 3897 581 3954 contiuet
594 3898 628 3950 de
643 3894 751 3960 nuptiis,
767 3910 819 3958 nuo
830 3895 933 3950 seilicet
947 3905 1015 3950 tetst-
1065 3894 1192 3961 tranitem
1207 3897 1393 3951 verumetiam
1407 3897 1465 3963 ipse
1478 3896 1521 3952 lto
1537 3898 1563 3952 itr
1576 3895 1657 3965 epist.
1672 3844 1725 3951 282
1735 3895 1769 3948 ad
1786 3896 1862 3950 i’ett·

230 3968 421 4035 peremniter
433 3984 499 4037 quas
510 3980 649 4038 personas,
661 3976 688 4018 et
700 3981 750 4032 qun
762 3964 797 4017 de
808 3980 889 4018 causa
899 3965 1015 4020 debeant
1068 3966 1134 4017 tium
1150 3967 1274 4020 abbatem
1290 3968 1444 4021 monasterii
1460 3964 1642 4021 cluniacensis
1655 3975 1777 4030 testatm,
1792 3961 1864 4019 Coi·

230 4038 294 4094 tieri.
311 4039 347 4093 ile
357 4039 440 4095 tribus
451 4053 510 4108 quat
522 4034 667 4106 periectinn
678 4034 792 4087 reddunt
803 4035 965 4103 coniugium.
977 4035 1015 4090 lie
1065 4034 1183 4087 lectiones
1196 4051 1332 4100 carettum,
1345 4037 1478 4106 inquiens,
1493 4052 1557 4107 quos
1570 4043 1588 4090 ti
1600 4052 1638 4090 tttc
1651 4034 1813 4103 postulastis,
1834 4049 1863 4090 ct

230 4110 346 4177 perlecto
358 4119 386 4162 et
405 4107 562 4173 iutperiectii
578 4104 712 4172 conjugio.
738 4104 774 4158 lie
790 4108 957 4159 concubinis.
978 4105 1015 4161 be
1065 4105 1190 4173 epimenia
1201 4121 1266 4170 mco,
1282 4122 1339 4176 pute
1353 4109 1392 4158 hia
1407 4108 1469 4159 eddi
1482 4106 1607 4169 nolentis,
1622 4105 1751 4159 transmisi
1766 4104 1864 4161 robis:

229 4178 387 4246 ronjugibus
409 4192 523 4246 quorum
545 4177 612 4228 alter
635 4191 694 4228 siue
717 4175 802 4228 altero
822 4176 1015 4230 continentiam
1065 4174 1161 4244 quibus
1173 4176 1262 4230 verbis
1279 4177 1465 4234 eolleclronem
1488 4190 1548 4232 ase
1560 4176 1690 4246 digestam
1706 4174 1864 4245 significare

198 4312 201 4318 ι
229 4251 310 4312 miii,
328 4251 371 4302 rel
385 4248 522 4316 religionis
544 4246 662 4298 habitum
682 4245 806 4308 sunrpsit.
829 4244 868 4300 ile
887 4247 1016 4300 uxoribus
1066 4244 1184 4299 nitetur.
1206 4245 1291 4300 Erunt
1304 4248 1426 4300 fortassis
1440 4248 1483 4315 nni
1497 4262 1530 4307 ex
1544 4245 1596 4301 hoc
1610 4246 1764 4300 testimonio
1778 4244 1865 4300 colli·

228 4335 296 4388 num.
315 4319 378 4372 ritis
390 4319 419 4372 in
433 4319 612 4386 captivitatem
625 4317 722 4380 ductis,
734 4314 794 4369 ullis
806 4316 1014 4383 nupsereonod
1065 4323 1278 4384 gantutrameue
1285 4317 1646 4386 collectionem‚iieupetuin
1654 4314 1863 4381 pannormiam,

228 4400 264 4444 sit
277 4388 428 4457 conjugium
449 4390 520 4441 inter
533 4399 661 4455 personas
676 4386 796 4455 ejusdem
818 4386 954 4456 religionis
974 4385 1015 4441 iel
1066 4394 1122 4439 tum
1137 4384 1279 4441 Decretum
1294 4386 1369 4441 inuiti
1381 4386 1539 4455 adjudicari,
1551 4387 1652 4455 quippe
1664 4386 1707 4455 qni
1727 4386 1866 4437 collectio·

229 4462 305 4524 ilicis
338 4465 427 4531 potest
455 4467 484 4511 ct
516 4454 797 4521 interiiidreomititer
809 4470 1015 4524 personnarum
1066 4471 1110 4509 ries
1121 4456 1215 4521 plurali
1227 4471 1340 4512 numeru
1350 4460 1466 4525 scripsit,
1479 4469 1534 4512 non
1543 4455 1726 4510 collectionem.
1739 4455 1775 4508 iit
1784 4454 1864 4508 idem

229 4544 289 4598 nne
302 4544 355 4582 nuri
370 4539 432 4581 sunt
445 4527 565 4596 eiusdem
577 4526 714 4595 religionis
726 4527 767 4580 rol
780 4527 850 4591 lidei,
863 4540 914 4580 non
927 4537 1054 4620 potest„
1067 4525 1112 4579 lito
1126 4525 1153 4579 iu
1167 4527 1247 4602 epist.
1264 4527 1299 4584 lib
1310 4527 1404 4596 plurali
1417 4533 1480 4581 item
1493 4539 1604 4582 uirmero
1614 4528 1669 4579 ait:
1683 4525 1714 4577 iti
1725 4521 1867 4577 collectio-

230 4603 285 4654 liert
309 4599 470 4668 conjugium.
490 4596 591 4664 Qnitius
613 4595 752 4650 decausis
773 4611 826 4651 nou
841 4597 937 4652 debeat
948 4597 1016 4649 soiri
1068 4597 1141 4648 nilus
1164 4595 1307 4651 burchardi
1330 4595 1527 4650 Wormmienris
1542 4596 1665 4665 episcopi,
1685 4609 1745 4649 cum
1766 4602 1865 4649 tatiien

229 4670 391 4737 ieoiip‘tiginnr.
414 4666 568 4736 Cujtisiniidi
588 4666 740 4735 emijuuctio
760 4681 812 4721 non
837 4667 900 4722 lacit
920 4666 1016 4736 conju·
1066 4666 1145 4720 unica
1159 4665 1195 4720 sit
1211 4666 1355 4722 burchardi
1374 4666 1508 4721 collectio.
1522 4663 1613 4734 lisque
1626 4678 1689 4720 reto
1702 4677 1750 4731 pro
1764 4665 1868 4717 exclu-

230 4755 312 4800 gnnii.
330 4738 368 4793 lle
382 4738 550 4807 separatione
564 4736 679 4805 conjugii
694 4751 749 4791 non
764 4738 800 4790 oli
811 4751 918 4791 causam
933 4735 1018 4790 iorni-
1067 4735 1163 4789 dendis
1186 4736 1290 4791 duabus
1312 4738 1400 4791 litenis
1423 4733 1624 4792 collectionibus
1642 4736 1708 4789 setis
1732 4732 1867 4790 efficaces

229 4811 352 4862 cationis.
421 4814 424 4820 ’
1068 4814 1129 4859 snut
1149 4806 1291 4877 Sigeberti,
1305 4806 1415 4861 iloberii
1429 4806 1464 4861 de
1477 4806 1564 4860 lltmte
1577 4816 1605 4861 et
1618 4805 1732 4858 aliorum
1741 4802 1869 4869 Scripto-

268 4900 277 4929 i
297 4876 414 4947 Septima
427 4892 487 4943 pars
497 4878 616 4933 continet
627 4875 661 4931 de
672 4877 841 4943 separatione
853 4875 969 4945 conjugii
982 4877 1017 4929 ob

229 4963 295 5006 critis
304 4965 338 5002 im
354 4948 538 5002 ioniicaitionis
552 4946 677 5004 carnaiis.
698 4948 735 5002 iic
749 4946 807 4999 tiro
820 4945 864 5015 qui
878 4959 938 5000 cnm
951 4947 1018 4999 uite·

230 5022 286 5072 rius
297 5033 381 5076 uxore
393 5016 547 5082 iirritiesnir,
565 5018 635 5087 quod
657 5028 717 5086 post
732 5027 845 5072 mortem
861 5017 947 5070 mariti
962 5031 1016 5070 nott

230 5099 318 5157 pritest
335 5104 394 5153 catu
409 5088 508 5142 hahere
521 5102 640 5142 uxorem.
663 5087 700 5141 iic
715 5084 933 5141 interlectoribus
952 5100 1015 5140 con·

228 5165 320 5228 iusum
334 5175 452 5213 sitarum.
468 5157 506 5222 De
521 5158 695 5216 lornicntioite
710 5155 851 5227 spirituali,
866 5155 937 5225 qiiod
953 5170 1017 5226 pru-

229 5243 288 5295 pter
304 5246 363 5286 eam
383 5228 455 5284 licite
472 5229 623 5281 uiniitnmr
641 5241 718 5281 usos.
742 5225 780 5280 lie
798 5227 1018 5281 reconciliatione

229 5302 381 5370 conjugum.
406 5299 443 5353 lie
464 5296 641 5360 sarrtimcntis
660 5309 721 5365 qne
750 5294 850 5350 debent
862 5295 911 5350 riri
927 5296 1017 5351 lacere

230 5372 396 5433 mulieribus,
413 5378 441 5423 et
459 5369 585 5422 mulieres
602 5366 753 5430 riris'suis,
768 5368 875 5428 truendo
894 5369 1018 5421 reconci-

230 5440 337 5493 liantur.
359 5440 397 5493 ile
418 5441 582 5504 siilijectionc
605 5451 656 5506 ipsis
678 5438 779 5493 debent
800 5449 900 5491 utores
923 5436 1018 5502 subiici

230 5509 295 5564 viris
313 5510 378 5563 suis.
398 5506 455 5573 Qua
479 5507 583 5562 ratione
606 5521 659 5563 nou
678 5507 759 5566 debet
782 5506 842 5564 lieri
865 5506 1018 5577 conjugium

230 5580 299 5634 itttor
313 5585 446 5646 parentes.
462 5576 501 5631 be
511 5591 544 5632 eo
558 5577 629 5646 quod
646 5592 714 5632 uuus
727 5578 768 5633 tir
781 5589 836 5631 non
851 5584 939 5646 petest
953 5576 1020 5629 duas

230 5656 391 5702 commatres
406 5646 505 5701 ducere
518 5660 597 5701 unam
613 5647 777 5714 postellam.
795 5646 832 5700 be
851 5661 884 5700 eo
898 5646 942 5714 qui
958 5653 1019 5699 cuin

231 5719 312 5774 liliola
323 5730 381 5778 sua,
389 5726 434 5768 urit
443 5729 503 5769 cum
515 5723 661 5768 commatre
671 5730 729 5780 sua,
740 5726 784 5769 aut
794 5715 839 5782 ipit
848 5715 931 5768 illlum
942 5727 1018 5766 sunm

233 5788 387 5858 herisiensis,
401 5788 514 5851 nutrius
529 5800 595 5836 utor
611 5787 693 5839 lilium
705 5799 793 5844 suum,
811 5794 856 5835 aut
870 5784 1022 5852 piitig'ttttttl

1069 4890 1127 4929 rum
1142 4885 1241 4943 textus,
1257 4879 1301 4945 qni
1317 4877 1395 4930 unius
1407 4876 1550 4932 voluminis
1564 4876 1753 4930 meminerunt.
1769 4871 1868 4928 linatn

1069 4947 1140 5000 enisu
1154 4947 1342 5002 collectionem
1365 4943 1521 4999 Pannormis
1535 4946 1699 5013 inscriptam,
1713 4943 1790 5012 citius
1804 4943 1869 4998 ire-

1068 5017 1208 5082 nueutiora
1230 5016 1486 5085 suncexenptarta,
1506 5015 1629 5071 fortassis
1643 5014 1777 5074 siderum,
1803 5027 1870 5067 non

1068 5099 1133 5141 iero
1147 5087 1275 5153 alteram,
1296 5101 1345 5142 seu
1361 5085 1506 5151 decretam,
1522 5089 1600 5155 cujus
1613 5084 1720 5156 quidem
1740 5083 1871 5139 rariores

1068 5156 1175 5211 codices
1190 5155 1371 5212 inveniuntur.
1699 5163 1703 5168 '

1104 5230 1131 5281 e.
1148 5226 1272 5281 &cundo
1283 5236 1386 5282 certum
1398 5235 1440 5282 est
1452 5223 1637 5281 Panuoriniaur
1650 5238 1702 5276 nnn
1714 5235 1775 5278 esse
1785 5220 1872 5276 illarii

1070 5295 1204 5350 Sumnteiir
1214 5297 1372 5349 decretorem
1386 5294 1470 5350 ironis
1481 5307 1558 5370 mam
1571 5293 1874 5362 tiiigotttitalaunciists

1068 5366 1253 5434 composuisse
1266 5365 1397 5420 truditur:
1415 5380 1470 5420 nim
1485 5365 1545 5434 quta
1557 5362 1718 5418 i’aunormin
1733 5362 1767 5416 ob
1779 5365 1876 5430 parsi-

1071 5435 1170 5489 tibnein
1186 5446 1266 5504 atque
1287 5435 1502 5492 distributionem
1521 5449 1536 5488 a
1558 5433 1671 5488 [terreto
1684 5433 1834 5494 diuersam,
1855 5447 1877 5487 a

1071 5504 1157 5560 iorms
1170 5505 1322 5573 compendii
1334 5505 1454 5576 iiusi‘em
1470 5504 1572 5561 liceretl
1585 5504 1749 5573 abestqusin
1760 5501 1877 5570 leugis-

1071 5575 1158 5637 sime,
1178 5585 1234 5629 tuin
1255 5576 1318 5646 quis
1336 5577 1458 5630 continet
1472 5573 1599 5630 nonnulii
1619 5587 1679 5641 que
1698 5574 1725 5626 iu
1745 5569 1877 5625 berceto

1072 5644 1169 5700 irnstra
1184 5647 1323 5714 munirem
1341 5654 1397 5701 tum
1412 5646 1492 5699 etiarn
1514 5643 1574 5714 quis
1596 5643 1687 5697 outlihi
1705 5642 1731 5694 in
1749 5642 1878 5698 retinetis

1071 5715 1209 5770 codicibus
1234 5713 1343 5769 Summis
1363 5716 1530 5774 decreturum,
1551 5715 1598 5769 scii
1626 5711 1790 5768 Pennorittln,
1818 5725 1879 5766 asts

1075 5784 1256 5851 discerptiones
1273 5782 1359 5840 itouis
1375 5783 1536 5856 inscribitur.
1555 5783 1622 5844 ilinc
1638 5782 1745 5836 Stiuttne
1760 5781 1792 5832 ab
1808 5778 1876 5846 tte·
