4000 6175
245 288 305 351 bii
710 291 878 351 tuusnutx
898 293 944 351 eb
963 294 990 352 S.
1012 293 1133 353 ltonts
1152 295 1258 354 ltacttb
1277 296 1400 355 urunt.
1823 300 1878 358 658

252 421 279 464 et
293 407 501 465 seenndmsedis
509 406 656 464 antistites.
670 405 698 461 in
710 402 752 461 bis
765 404 836 460 nulia
850 405 1033 461 remmnesti·
1049 408 1072 467 tt
1086 415 1162 462 catut
1184 407 1307 479 otperto.
1327 408 1392 463 Post
1411 404 1607 463 contessionem
1627 419 1709 478 porro
1723 406 1876 464 litterarum

251 501 324 569 patio
336 500 513 568 querebatur,
526 499 598 554 nutis
613 496 731 553 iacienda
745 505 758 534 ι
770 497 881 552 concilia
895 497 1035 565 iactabau·
1087 504 1180 553 tenore
1193 498 1386 568 depromptam,
1401 512 1450 553 cur
1463 496 1632 568 adjudicium
1647 506 1791 555 vocaretur
1803 502 1877 555 Aca·

251 603 310 657 tur;
327 591 539 661 subrogabantur
556 588 684 654 iaceretici,
705 603 785 644 neum
806 588 951 643 resultabo
965 607 971 642 :
985 588 1034 644 scd
1085 590 1153 657 cius,
1168 591 1405 662 ouiseconirssus
1418 599 1458 646 cst
1469 589 1559 659 Petro,
1576 587 1585 628 ¹
1604 604 1685 660 quem
1704 589 1786 662 petita
1799 592 1875 649 sedis

250 685 322 739 velut
340 691 412 737 muta
435 695 530 752 pecora
546 681 572 735 in
596 681 747 750 captionem
768 679 846 735 ducta
865 679 1035 735 snlmtttsvo·
1085 681 1239 751 apostolicae
1254 682 1432 752 praeceptione
1447 682 1598 748 damnarat,
1618 683 1807 738 communione
1827 698 1875 739 so·

250 772 393 829 tonantibus
404 771 540 842 perfidiam
553 770 734 828 sectabantur.
747 769 805 826 lion
816 772 914 826 mirum
925 770 1033 841 quidem
1084 772 1186 838 classe;
1201 772 1287 829 mecei
1300 772 1373 828 credi
1391 772 1446 839 iam
1461 780 1579 829 externe
1600 774 1797 829 communionis
1808 773 1875 831 ede·

248 864 271 919 si
285 877 356 919 nunc
375 877 423 918 eos
437 860 582 918 detondere
602 861 756 924 moliantur,
775 874 887 931 quorum
902 860 1033 917 indiscus-
1084 870 1138 929 cto,
1152 862 1194 916 rei
1208 878 1257 930 pro
1269 876 1327 929 sua,
1348 862 1390 917 v'ci
1405 877 1454 933 pro
1468 862 1588 930 illomm,
1602 863 1645 919 vel
1666 878 1716 932 pro
1731 863 1804 920 Petri
1827 866 1875 922 de·

247 971 305 1011 sam
319 955 398 1011 cecis
413 953 546 1009 mentibus
559 953 643 1009 secuti
659 950 747 1008 cnuti
762 952 910 1007 vilitatem:
926 953 972 1007 sel
983 952 1033 1007 mi·
1083 950 1204 1008 musione
1213 952 1268 1023 jam
1280 961 1383 1022 posset,
1404 952 1447 1009 eui
1461 966 1492 1010 te
1505 953 1580 1024 prius
1592 951 1737 1010 miscuerat
1758 953 1877 1012 neianda

249 1061 338 1102 ramur
350 1061 399 1102 cnr
407 1058 455 1101 eos
468 1060 522 1101 nou
538 1045 637 1116 pudrat
651 1043 677 1100 in
692 1046 803 1105 istorum
815 1043 986 1099 damnatione
998 1043 1033 1100 de
1082 1043 1228 1111 consortio,
1245 1041 1253 1095 t
1273 1044 1425 1114 ieceratque
1444 1057 1537 1100 secum
1549 1045 1608 1115 eius
1621 1058 1731 1099 causam
1753 1044 1814 1101 sine
1825 1046 1877 1102 du·

246 1136 350 1209 synodo
366 1151 418 1193 nun
433 1136 501 1192 iacta
519 1136 635 1201 causari,
650 1150 710 1192 cnm
733 1135 819 1190 sciant
837 1142 877 1191 tut
889 1144 1032 1205 untrnooe
1082 1131 1214 1189 bitatione
1226 1132 1415 1189 communemi
1435 1132 1490 1198 cui,
1514 1132 1875 1204 examinatione'praemissa

245 1226 387 1295 pontilices
402 1226 472 1282 nulia
488 1225 591 1297 synodo
605 1224 688 1281 inisse
701 1224 836 1294 depulsos.
850 1233 862 1263 ⁶
875 1223 903 1279 in
918 1225 1031 1281 istorum
1081 1231 1109 1279 et
1124 1222 1252 1293 teptttmr,
1265 1223 1287 1276 si
1299 1221 1335 1277 ita
1348 1230 1432 1288 essct,
1448 1221 1605 1292 purgatione
1618 1231 1754 1292 suscepto,
1771 1223 1876 1293 regala·

147 1326 153 1333 ⁴
247 1317 377 1386 ejectione
389 1315 487 1371 dcnon
504 1315 570 1371 inito
583 1313 697 1369 concilio
707 1321 916 1383 conqueruntur,
931 1327 1032 1384 cogno·
1081 1311 1147 1368 riter
1161 1310 1330 1368 misceretur.
1346 1312 1400 1368 Sed
1418 1325 1480 1368 cnm
1501 1311 1597 1367 codem
1621 1311 1740 1368 nondum
1755 1312 1875 1383 legitime

246 1416 322 1463 scunt
335 1421 365 1463 se
377 1422 426 1462 cur
439 1422 492 1461 nnn
514 1418 541 1461 et
553 1404 603 1460 boc
622 1404 649 1460 in
661 1404 774 1460 aliorum
789 1403 921 1473 electione
934 1404 1031 1475 quaesi·
1081 1402 1203 1461 discusso
1216 1412 1296 1476 atque
1308 1411 1421 1475 purgato
1432 1401 1625 1461 communione
1641 1403 1771 1469 sociatus,
1791 1420 1872 1475 onam

182 1526 185 1531 ι
245 1500 332 1555 verint
350 1496 489 1554 accttsari:
504 1492 551 1552 tsi
568 1509 634 1552 recu
654 1493 680 1550 in
702 1502 861 1550 ceterorum
884 1493 1031 1563 rejectione
1080 1494 1228 1552 adbucreo
1243 1509 1274 1551 se
1287 1493 1405 1562 miscuit,
1419 1503 1472 1549 tam
1494 1508 1588 1565 paceo
1604 1494 1731 1565 loquendi
1747 1495 1872 1552 lldneiam

244 1588 355 1646 concilia
366 1585 517 1644 neccssaria
528 1600 580 1641 non
595 1585 714 1652 luerunt,
726 1599 775 1640 nec
789 1585 816 1640 in
832 1584 891 1640 istis
905 1599 1030 1643 uecmsa·
1080 1598 1134 1640 uon
1149 1583 1254 1641 babuit.
1268 1582 1335 1639 iiam
1350 1599 1413 1663 cnm
1428 1584 1541 1640 Aeacius
1555 1583 1629 1640 nubo
1644 1584 1785 1656 privilagio
1797 1586 1872 1643 iulci·

243 1679 283 1734 ria
295 1677 382 1733 inisse
388 1681 566 1748 cognoscant.
579 1674 619 1730 tin
634 1672 865 1730 iucatiroiicorum
878 1674 1031 1745 deiectione
1080 1682 1200 1744 rctur,ut
1211 1674 1245 1732 dc
1257 1674 1375 1731 secunda
1388 1673 1452 1731 sede
1462 1673 1802 1745 possetierreindicium3¹
1815 1692 1872 1735 noa

244 1785 296 1826 non
308 1769 357 1825 init
370 1782 439 1840 opus
447 1768 560 1837 synoda,
570 1774 598 1823 et
609 1766 658 1823 iuit
664 1780 829 1837 magnopere
839 1767 1025 1840 concrepantia
1041 1761 1065 1824 tt
1079 1768 1166 1839 potuit
1174 1767 1235 1838 iure
1248 1781 1409 1838 quemquam
1422 1766 1552 1823 damnare
1572 1784 1580 1821 c
1595 1766 1678 1823 simili
1704 1769 1791 1834 modo,
1815 1768 1870 1826 nisi

244 1862 276 1916 in
286 1858 499 1929 praeaarimtoris
513 1856 686 1914 damnatione
695 1855 832 1914 mrrtessit
1078 1859 1171 1929 primu
1181 1858 1503 1931 sedismanctccitstc
1510 1867 1644 1927 percepta,
1655 1871 1706 1914 nec
1714 1857 1870 1915 esamiuan·

277 1954 342 2010 Cas.
356 1950 400 2009 ill.
412 1979 448 1995 -·
457 1950 525 2020 puio
537 1951 618 2022 igitur
629 1957 723 2017 restat,
736 1948 789 2005 nisi
800 1947 928 2006 utdicant
940 1947 1027 2007 trere-
1077 1949 1104 2007 di
1118 1947 1189 2007 Petri
1203 1950 1248 2019 ios
1258 1948 1360 2015 babuit,
1377 1963 1426 2005 uec
1438 1947 1688 2018 recipiendipenitus
1699 1957 1871 2019 potestatem.

243 2045 310 2101 ticos
320 2058 372 2101 non
386 2042 487 2100 inisset
502 2042 559 2099 lion
581 2056 645 2114 erpo
665 2043 700 2098 de
721 2042 825 2113 synodo
836 2051 849 2080 ·
859 2056 1027 2113 conqueran·
1112 2039 1176 2096 cnr.
1192 2036 1376 2105 itt.-10no
1395 2039 1553 2110 regulariter
1566 2038 1727 2105 constituto,
1739 2053 1789 2095 nce
1800 2042 1871 2111 apud

234 2149 296 2206 ¹tur,
311 2138 357 2207 oui
379 2151 409 2194 se
429 2136 515 2208 paitru
536 2133 733 2192 communionis
751 2141 870 2190 externe
886 2132 1028 2202 perbibent
1079 2145 1129 2188 nos
1148 2131 1228 2187 Petro
1249 2130 1382 2187 uttstcms
1397 2128 1519 2185 absoluto
1535 2144 1638 2198 ,ouem
1651 2128 1797 2186 damnasse
1820 2146 1872 2188 nos

231 2237 396 2286 sectatores.
416 2226 470 2283 Cur
490 2239 554 2298 crgo
572 2225 612 2282 eis
636 2222 755 2297 synodus
777 2223 926 2279 necessaria
945 2223 1027 2280 tuboe
1077 2222 1210 2290 norimus,
1223 2223 1391 2279 examinasse
1407 2221 1450 2278 sel
1461 2221 1609 2278 absolvisse
1623 2222 1772 2290 nescimus,
1787 2233 1871 2285 restat

238 2318 423 2389 rcidcatur,qni
439 2332 468 2373 se
477 2315 660 2388 manners
666 2312 913 2371 ctatoedonensem
922 2313 1028 2370 senisse
1078 2323 1109 2371 ut
1120 2315 1183 2371 iiiuti
1197 2315 1277 2372 etiam
1287 2313 1512 2382 demonstremus,
1526 2313 1649 2370 eumdem
1662 2315 1772 2371 Petrum
1787 2332 1869 2388 ouem

239 2417 414 2481 cognoscunt,
429 2420 481 2478 oua
494 2405 675 2476 Eutychianos
684 2418 760 2460 error
774 2402 857 2459 icum
871 2403 925 2460 suis
938 2415 1029 2460 aucto·
1078 2417 1255 2479 repurgatum
1263 2406 1870 2478 communionorcceptssepraetendituracins,

238 2496 313 2555 ribus
324 2498 457 2570 generalis
470 2496 598 2552 Ecclesia
608 2509 673 2551 roce
683 2495 824 2551 damnatus
837 2495 898 2550 esti
912 2494 966 2551 lieo
978 2494 1028 2551 du·
1081 2514 1216 2571 mrnouam
1233 2501 1267 2556 ab
1282 2499 1413 2556 heretica
1427 2499 1624 2557 communionis
1634 2502 1795 2573 contagione
1809 2517 1869 2559 ces·

240 2589 324 2655 bium,
340 2587 422 2658 quod,
435 2595 448 2636 s
462 2587 531 2642 sicut
545 2584 571 2641 in
586 2599 745 2656 unaquaque
768 2584 864 2640 naresi
888 2584 969 2657 (qnod
984 2587 1026 2641 in·
1078 2604 1154 2647 sasse
1168 2598 1188 2627 ὓ
1201 2607 1207 2643 :
1219 2602 1252 2645 ac
1265 2603 1318 2645 nou
1332 2588 1419 2645 solum
1431 2588 1490 2659 ipso
1505 2598 1636 2659 tempore,
1651 2606 1706 2661 quo
1719 2594 1869 2649 communi·

221 2679 403 2736 -eessabiliter
418 2676 593 2749 repetendum
607 2683 659 2741 est,
671 2677 731 2748 quia
745 2675 852 2732 irmutu
864 2690 926 2732 case
938 2674 1028 2731 nulius
1079 2681 1296 2749 metusmetus,
1310 2682 1357 2738 sed
1367 2682 1448 2738 etiam
1462 2685 1751 2753 postcommunionem
1766 2702 1868 2756 prara-

236 2770 347 2842 nnutpir
368 2769 548 2839 Christianus)
566 2779 663 2824 omnes
681 2765 840 2836 complica,
865 2772 1025 2832 ieelim,
1077 2770 1638 2841 mmanrtsamcttrempsrnterantrinum
1651 2773 1799 2830 Petronio
1812 2776 1868 2831 be-

236 2862 477 2917 cummunicatorcs
491 2858 625 2915 damnmoe
636 2854 872 2927 semeipraritatis
881 2854 941 2925 pari
953 2864 1027 2912 nocte
1076 2862 1222 2918 reticulum
1237 2860 1351 2932 cottopio
1360 2860 1531 2931 perdurasse.
1545 2860 1634 2933 atque
1644 2862 1680 2917 ita
1690 2870 1721 2920 et
1732 2879 1782 2934 per
1796 2863 1868 2923 bunc

235 2934 390 3008 censentur.
402 2950 524 3021 ‘ideoque
543 2950 580 3005 sit
598 2959 767 3018 mancoseos
790 2952 820 3002 ut
844 2945 914 3000 sicut
936 2943 1027 2999 'iimo-
1076 2951 1202 3008 Ampium
1218 2951 1867 3026 pomdncommunionissuscepissemotapium,

236 3044 315 3101 tbcus
329 3051 409 3114 atoue
421 3044 513 3097 tetrus
527 3039 619 3097 talium
631 3044 778 3095 sectatores
791 3034 938 3093 seeundum
950 3040 1026 3092 teno-
1078 3049 1107 3100 οι
1120 3041 1307 3115 permundet„
1322 3040 1375 3097 pp,
1389 3040 1534 3109 pappum,
1546 3042 1669 3112 quibu„
1684 3043 1779 3100 pam,
1788 3059 1867 3102 mm,

235 3136 379 3194 remiiiius
390 3134 497 3208 synodi,
509 3133 582 3189 nulia
593 3131 695 3189 recenti
709 3131 777 3186 laeta
792 3130 948 3202 pontidcum
960 3143 1023 3185 con·
1037 3130 1061 3196 c
1076 3133 1237 3200 manicabat,
1250 3131 1343 3189 eadem
1352 3139 1428 3202 peste
1438 3132 1623 3203 conjunctum.
1632 3134 1867 3207 Qnipraesnmpptp

234 3227 390 3300 prepetiune
402 3222 521 3281 damnati
535 3228 624 3279 nunt:
640 3221 681 3278 sic
695 3221 777 3277 etiarn
801 3218 847 3291 orti
862 3220 941 3276 Petro
952 3232 1027 3275 com·
1077 3238 1131 3281 non
1146 3231 1255 3281 serrato
1268 3222 1363 3280 ordine
1378 3222 1486 3278 Petmm
1502 3224 1649 3295 suscipere,
1665 3240 1715 3282 nec
1727 3241 1791 3283 enm
1802 3241 1867 3283 exa·

237 3317 383 3375 nruuicacit
396 3314 520 3380 Aeacius,
533 3311 692 3370 nteriminis
705 3311 851 3384 particeps,
862 3312 899 3366 ita
913 3324 1025 3367 consors
1077 3316 1206 3371 minatam
1219 3354 1228 3380 ,
1241 3327 1292 3369 occ
1309 3315 1633 3385 perpetem-cognoscitur
1653 3316 1791 3387 recepisse
1806 3334 1815 3371 ς
1834 3326 1867 3373 et

228 3412 270 3469 ait
284 3411 371 3469 taetus
381 3416 408 3466 et
421 3421 519 3480 poena
530 3405 600 3475 Quiri
610 3404 698 3476 icitur
707 3402 863 3474 ambagibus
877 3415 902 3459 et
918 3403 1025 3459 uebu'is
1076 3404 1138 3462 ideo
1150 3412 1249 3474 preter
1261 3403 1498 3475 sedisapostolicae
1510 3407 1632 3461 notitiam
1653 3421 1707 3463 nan
1720 3408 1866 3480 legium

229 3505 286 3561 ista
308 3506 469 3573 pretesnm,
487 3506 516 3555 at
528 3495 728 3567 impudentiam
751 3507 828 3551 snam
853 3501 1024 3564 mentemque
1075 3494 1194 3566 tibicine
1206 3492 1387 3563 inceptionem
1403 3508 1535 3565 usurpnre
1549 3495 1867 3564 votntmmpmpm.

223 3607 360 3652 ‘imm
384 3590 508 3647 malinii
522 3586 612 3660 potius
635 3585 733 3642 filiii&
745 3583 760 3622 ¹
773 3583 862 3641 siliis
877 3583 1022 3651 labiliter.
1076 3585 1177 3642 tionem
1190 3583 1406 3656 etpurpationem
1416 3584 1475 3656 ejus
1491 3596 1582 3656 posset
1596 3602 1646 3657 pro
1657 3601 1706 3644 sna
1723 3589 1866 3646 voluntate

226 3677 479 3758 enam-prodendo
498 3676 694 3738 medicinaliter
715 3691 812 3732 sanare
841 3673 1025 3733 monendamt
1077 3676 1201 3744 ⁰metirip
1213 3679 1608 3747 atoueeumneceramtnntnm
1620 3680 1866 3750 neconnrinopar-

230 3776 389 3837 liibdeuim
405 3773 486 3830 nobis
498 3783 641 3829 commuue
654 3782 716 3825 cum
739 3766 1027 3824 bominibuscommu·
1075 3774 1165 3838 patum
1175 3765 1317 3837 recipemt.
1333 3765 1419 3835 Quem
1433 3767 1456 3822 si
1480 3781 1574 3824 rosera
1592 3770 1866 3828 neiteteaam²natnm

233 3866 322 3923 nionis
335 3861 629 3922 mtmnmlrteocertc
643 3869 756 3915 amatur
769 3855 802 3913 ad
814 3857 943 3937 iudicium
952 3871 1026 3927 oute·
1076 3866 1271 3928 purgatumque
1280 3855 1409 3927 recipere,
1418 3855 1540 3913 ordinem
1555 3858 1866 3930 incimmemmaum

234 3969 338 4031 conque
349 3970 476 4028 persona,
491 3964 521 4011 ut
535 3952 711 4010 autiateatur
720 3950 838 4022 obiecta,
849 3949 1025 4007 aut-conrin-
1075 3954 1131 4005 ιιι
1139 3947 1295 4019 receptione
1307 3945 1396 4018 potius
1402 3947 1650 4018 custodisset,tsed
1661 3960 1690 4007 ut
1698 3953 1783 4024 mapls
1794 3952 1865 4009 cirte-

269 4106 281 4133 t
296 4095 383 4152 Oxou.
397 4109 460 4160 ms..
476 4088 657 4147 conciliabitis.
777 4159 780 4164 .
1071 4086 1113 4143 lna
1125 4086 1239 4156 Quesn„
1253 4104 1300 4143 nec
1312 4088 1381 4143 enim
1397 4089 1422 4144 ei
1436 4092 1495 4161 jorn
1509 4089 1595 4155 credi,·
1609 4103 1642 4146 ac
1664 4091 1780 4148 subinde
1793 4094 1865 4151 delet

267 4165 282 4207 b
296 4167 333 4220 ita
345 4164 425 4221 codd.
438 4161 651 4226 l'ind.,Tiruan.,
660 4152 774 4238 Veron,
785 4156 847 4213 ilat.
862 4157 1018 4215 iset'flerl.
1070 4158 1110 4213 nei
1123 4174 1171 4228 pru
1180 4159 1294 4226 illorum,
1307 4173 1337 4215 ae
1345 4160 1474 4229 jamante
1484 4168 1578 4230 poscet.

225 4235 408 4316 omoeusios,
415 4234 580 4314 uoluntatem.
597 4229 849 4311 Sirm.,trtiintotem.
866 4229 931 4286 bein
943 4227 1018 4285 solus
1102 4228 1119 4279 'l
1132 4228 1257 4310 'Quesnn
1273 4232 1417 4300 pecmotpne
1429 4231 1608 4301 cinaconsotn.
1621 4227 1735 4316 ierom,
1749 4231 1813 4288 tac.
1829 4235 1863 4289 ls.

232 4304 816 4451 ”iil..liiiiiliidtt‘nn
830 4366 871 4424 n.
887 4364 1020 4424 nomn.
1071 4298 1864 4452 iilllnil'tltnllilnlibitudine‘tin

235 4462 282 4505 nes
296 4443 476 4501 nostricodd.
494 4449 523 4498 et
542 4440 626 4512 sulp,
648 4441 799 4513 rejectionep
819 4438 1019 4520 sulmonem„
1072 4433 1224 4494 brudeum
1239 4436 1350 4506 Veron,
1365 4455 1416 4510 pne
1432 4450 1628 4493 cnnmrnntmne.
1648 4437 1714 4497 Post
1735 4444 1864 4498 nonnulla

234 4517 383 4591 deiectione.
396 4513 462 4590 Dein
479 4511 558 4595 babet
571 4522 725 4583 copncscunt
742 4524 802 4592 erpo
816 4525 859 4576 sc,·
873 4508 1022 4567 deletrtutts
1032 4505 1060 4568 lt
1072 4507 1152 4563 codd.
1165 4503 1286 4591 ieron,
1296 4507 1357 4563 Vnt.
1379 4508 1430 4591 is,
1443 4507 1525 4592 sirm.
1540 4517 1569 4564 et
1585 4509 1677 4577 lieri„
1693 4521 1745 4566 torn
1755 4529 1807 4583 pro
1819 4529 1866 4569 ec·

234 4598 444 4725 ηὲοὸθὲοᾞοᾞῗὶῗ
455 4581 666 4732 megitia
676 4581 812 4704 geisling&
833 4647 894 4703 eud.
915 4648 1021 4704 Tituatt·
1073 4576 1623 4719 αθφέἕᾶπζιιιιιιιιῗᾳοῖρῧῗιζιιρῗῖῗιῖηάιω,
1634 4651 1716 4719 poluit
1724 4652 1864 4721 perenm·

231 4727 331 4781 Postea
344 4725 441 4795 synodo
454 4724 529 4777 deest
541 4720 612 4789 apud
625 4721 705 4775 Strtn.
717 4728 744 4772 et
758 4729 783 4772 tn
800 4733 850 4799 ms.
869 4717 949 4774 lind.
1073 4733 1145 4784 aare,
1155 4719 1236 4802 maie.
1254 4718 1312 4773 iat.
1327 4719 1361 4775 ls.
1377 4729 1405 4802 ot
1419 4718 1494 4774 lieri.
1509 4721 1688 4800 emcndamnt
1709 4722 1789 4790 potuit
1801 4726 1864 4794 jere

271 4793 413 4864 ·Quesn.‚
424 4799 622 4863 conquerantur,
638 4797 666 4843 et
680 4797 772 4858 postea
783 4788 893 4842 ordemr.
910 4787 1022 4844 Nostros
1072 4786 1202 4864 domnum.
1217 4789 1317 4855 Oxum,
1330 4795 1415 4858 putant
1424 4790 1513 4861 joma
1525 4805 1610 4859 primo
1631 4792 1761 4847 aennon.
1776 4793 1862 4859 Ques

234 4865 313 4920 codd.
332 4862 411 4917 iliud.
432 4865 460 4917 ot
473 4858 545 4915 ‘ten
560 4858 717 4939 sequimur,
728 4872 778 4912 nee
798 4871 850 4911 non
872 4858 954 4913 Sirm.
975 4858 1022 4928 qui
1072 4857 1136 4913 nelli
1149 4860 1314 4914 tectionema
1329 4858 1405 4915 nubis
1418 4859 1702 4929 receptam'Slrinondl
1717 4862 1802 4918 codes
1813 4878 1863 4934 ap·

235 4950 296 4990 uros
311 4933 391 4988 ltabet
402 4932 468 4986 em'm
487 4944 535 4999 pro
548 4943 619 4998 erpo,
635 4937 661 4983 et
675 4926 737 4982 detn
750 4941 811 4981 cum
826 4940 891 4981 mss.
907 4927 1019 4996 Veron,
1074 4928 1180 4997 probat.

235 5005 295 5061 l'et
319 5004 354 5060 lt.
374 5012 405 5059 et
425 5000 515 5068 lieri,
531 5009 621 5053 contro
643 4995 874 5053 chalcedonensem
893 4998 1020 5069 spondam
1111 4994 1203 5079 leod.
1218 4996 1311 5079 vind,
1328 4997 1404 5079 Quod
1422 4998 1581 5070 repnioriter.
1596 4998 1657 5055 liat.
1680 5000 1715 5057 is.
1728 5011 1755 5057 et
1769 5001 1861 5071 lieri,

233 5076 329 5131 unire.
1075 5067 1143 5135 Qum
1157 5069 1307 5140 reputamur
1320 5068 1454 5123 comittit.-
1467 5076 1609 5138 utrumqne
1623 5072 1711 5126 minus
1725 5083 1809 5128 recte.

271 5144 282 5184 ¹
302 5141 397 5210 sirm,
411 5157 482 5211 ,cnm
496 5138 649 5196 *auctoribus
667 5136 784 5212 periculi
803 5134 928 5193 Ecclesiae
942 5154 1019 5203 ⁴once,
1109 5146 1129 5175 ⁰¹
1144 5139 1311 5221 Quesncnm
1322 5139 1422 5207 aliquot
1431 5139 1529 5193 nostris
1539 5140 1632 5222 codd,
1648 5158 1754 5223 necnon
1765 5143 1861 5200 solam.

233 5211 531 5340 Oxtmlfl’a'riiexrralbalmucicct
546 5294 579 5336 es
592 5277 691 5335 nocuis
703 5276 787 5333 cedd.
801 5285 828 5333 et
843 5276 927 5334 sirm.
941 5287 1023 5349 atoue
1074 5204 1756 5348 Prffffahirnousi’riacco'diingrutsff'ilrncmtnterfr'trtc'iiusoerffi,
1770 5280 1858 5337 Petra.

235 5354 478 5439 lieriadjecimus.
490 5350 557 5408 Dein
571 5350 671 5408 sirm:
686 5344 800 5420 lucoque
813 5348 843 5417 pt
856 5363 1020 5419 contepmta.
1075 5347 1142 5430 llein
1156 5347 1233 5403 idem
1239 5347 1323 5415 eolus,
1336 5364 1387 5402 non
1399 5350 1506 5473 prototo
1517 5350 1618 5432 ordine.
1632 5351 1741 5419 Postea,
1753 5367 1802 5422 pro
1813 5367 1858 5407 na·

270 5424 390 5489 isurun,
405 5424 498 5478 ociore.
1075 5419 1168 5481 tlttom,
1183 5417 1244 5473 iat.
1255 5416 1291 5474 ls.
1306 5426 1333 5473 et
1343 5418 1399 5474 ller
1411 5455 1429 5484 .,
1445 5418 1583 5474 Ιιοοιιιιιι.

271 5493 364 5552 leod.
377 5492 464 5549 Onon.
479 5506 554 5561 prtem
569 5488 679 5559 repetito
696 5486 865 5558 preceptione
883 5487 1023 5541 dommucc-
1111 5494 1125 5523 ⁰
1141 5486 1223 5543 Sirm.
1234 5527 1242 5554 ,
1254 5487 1364 5542 mentiri.

233 5574 274 5622 rat
285 5564 357 5619 serice
365 5561 516 5631 apostolica.
530 5559 618 5622 lieri,
630 5572 705 5629 quent
719 5557 789 5624 petiit
805 5572 822 5610 n
835 5557 901 5611 redis
912 5566 1019 5622 oporto·
1107 5556 1213 5613 eSoius
1225 5558 1339 5625 Quesn„
1351 5564 1376 5611 et
1389 5557 1540 5629 pnrpntione

235 5635 293 5689 lice
315 5633 482 5702 preceptione
499 5629 626 5693 imnum,
648 5642 675 5681 sc
701 5627 877 5681 communione
900 5626 1021 5682 ιοοιιιιο.
1107 5626 1229 5692 asum,
1241 5643 1272 5682 ne
1287 5627 1413 5682 monetur
1436 5630 1534 5712 mopis,
1549 5645 1626 5700 prtem
1637 5631 1760 5686 nmamtec
1780 5635 1859 5702 posent

236 5698 430 5763 memmiae
444 5699 491 5767 ln,
506 5707 534 5755 et
545 5696 685 5756 leucidum
698 5696 727 5754 in
740 5710 793 5754 ma.
807 5695 887 5754 iliutl.
903 5696 965 5753 lios
977 5710 1023 5753 so·
1062 5697 1129 5769 jore
1148 5712 1269 5768 purpure.
1295 5696 1357 5754 ilaec
1372 5696 1423 5754 tria
1437 5697 1530 5756 ultrum
1541 5699 1626 5757 uerba
1649 5699 1760 5772 praetem
1782 5702 1859 5759 etam
