4000 6175
229 243 282 297 ests
958 242 1148 298 fdAEfd'llt).
1804 236 1860 291 bie

224 334 446 404 l'recopitltoeene,
461 350 536 402 uesta
550 351 582 389 ec
594 333 640 389 iile
658 335 841 405 transcriptum
854 335 1021 389 dixerint-itu
1034 334 1192 389 termetis·
1208 334 1232 389 si
1248 334 1369 389 concinit.
1382 334 1415 389 Et
1430 344 1485 389 not.
1500 336 1516 389 l
1529 336 1557 388 itt
1572 352 1630 405 cup.
1645 335 1793 402 lepistolas
1810 333 1863 387 tut

226 423 288 477 llere
300 425 376 478 uerbo
388 425 487 478 cedices
502 438 554 477 nen
567 423 670 490 behem,
685 424 798 490 exceptis
813 421 938 476 Theoneo
956 440 1007 477 sno
1018 434 1042 477 et
1055 421 1274 489 Trecopitboeenu,
1288 434 1398 490 queram
1413 439 1480 477 uerna
1492 423 1527 475 ud
1541 424 1650 476 alterans
1663 425 1802 493 aucupiis
1813 434 1861 477 est.

224 516 302 568 eriles
320 516 496 585 epistolarum
518 513 615 569 leonis
636 512 766 568 lectiones
781 513 916 567 uariantes
933 528 965 567 er
982 508 1205 582 Trecupitboeano
1227 526 1278 567 ms.
1301 525 1450 583 acceperat.
1469 514 1499 571 Sl
1518 522 1606 569 aetem
1624 523 1708 568 totum
1725 515 1793 570 hunc
1814 518 1863 570 co-

223 607 310 662 dicem
326 595 515 663 conferendum
539 613 675 669 curasset,
698 603 785 672 ipsum
801 605 882 660 etiam
900 604 1091 660 incanuisse
1109 605 1135 659 in
1156 614 1210 659 tota
1224 605 1382 662 collectione
1395 622 1455 663 com
1470 608 1597 663 flunneo
1613 609 1799 665 cumbrensem
1814 612 1862 664 de

224 701 420 767 prehendisset.

265 789 292 842 ι.
313 790 361 843 llis
374 804 439 841 sero
454 788 501 841 fuit
516 790 617 857 primus
630 786 677 857 qui
689 788 811 842 eamdem
825 789 1012 844 collectionem
1024 789 1050 842 in
1061 788 1179 843 editione
1190 788 1218 842 S.
1233 787 1331 843 Leonis
1343 788 1441 857 publici
1450 789 1518 858 jttris
1536 790 1598 844 fecit
1609 801 1683 843 tomo
1696 790 1764 851 npttd
1776 788 1863 860 ipsurn

227 883 356 939 secundo,
373 881 424 935 boc
437 882 514 935 titulo
528 881 616 936 eidem
631 883 742 950 praebsu
753 897 761 933 ι
773 882 909 948 appendix
922 882 957 934 ed
971 881 1054 934 sensti
1068 881 1159 937 Lcems
1173 879 1263 951 Meqni
1273 895 1370 960 *operm
1385 898 1428 935 scu
1447 886 1526 935 reden
1542 898 1667 936 cenenum
1682 885 1865 937 ecclesiasticu-

223 990 279 1026 rum
288 985 311 1027 et
324 979 517 1033 constitutorem
529 988 625 1033 sancto
637 979 705 1032 sedis
724 978 872 1045 apostolice·
888 977 1003 1030 muniens
1015 977 1059 1043 qui
1071 978 1202 1047 boumque
1213 977 1373 1046 prodierunt,
1386 978 1569 1030 uetustissimus
1583 988 1606 1029 et
1622 978 1702 1045 onuph·
1715 978 1805 1040 sinsus,
1820 981 1865 1041 qui

222 1071 324 1139 esidem
339 1073 366 1123 ht
380 1089 428 1126 usu
443 1074 491 1143 (nit
508 1074 535 1126 s'n
547 1073 663 1126 Ecclesia
677 1071 794 1125 Romane
816 1069 967 1124 innocentio
984 1070 1005 1132 l,
1017 1069 1133 1135 Zosimu,
1146 1083 1212 1132 ete,
1228 1085 1258 1121 oc
1273 1067 1358 1121 Leone
1370 1066 1378 1120 l
1392 1067 1563 1138 pontificibus,
1578 1084 1647 1121 nunc
1659 1069 1863 1137 primumeditns

222 1175 307 1214 soree.
322 1163 450 1217 codicibus
463 1162 585 1216 Tbeuneo
599 1172 624 1216 et
639 1158 792 1234 Onentcttst‘.
808 1160 919 1216 Brerius
934 1174 1023 1213 nttzem
1039 1158 1166 1212 infreme
1181 1156 1310 1227 cujusque
1324 1158 1446 1227 pagins:
1457 1155 1544 1212 Getica
1556 1173 1693 1217 cettonnnt,
1710 1173 1754 1211 see
1766 1154 1863 1212 consti·

222 1262 335 1309 tuterunt
351 1256 472 1312 Ecclesiae
486 1258 621 1322 llemenoe,
635 1257 681 1324 qut
691 1256 784 1310 titulus
804 1253 969 1325 frequentius
989 1253 1099 1324 allegari
1111 1254 1263 1307 consuerit.
1277 1251 1332 1305 Cur
1346 1258 1435 1304 antem
1448 1250 1518 1304 hauc
1531 1248 1717 1305 collectionem
1734 1252 1863 1305 hnmanae

223 1344 350 1399 Ecclesiae
372 1348 510 1411 tribuerit.
527 1349 678 1418 Leooiequc
692 1345 820 1416 operibus
832 1345 989 1416 subjecerit,
1012 1345 1200 1413 exponendum
1220 1351 1270 1397 est.
1285 1342 1351 1396 Cttm
1368 1344 1395 1413 itt
1414 1341 1559 1397 editionem
1573 1344 1728 1396 eorumdem
1743 1342 1863 1412 'operum

222 1437 427 1506 emendandam,
449 1441 491 1494 rel
507 1439 656 1509 augendam
670 1440 778 1497 codices
793 1439 910 1509 undique
932 1437 1097 1506 exquireret,
1112 1436 1233 1503 contigit,
1249 1443 1277 1488 nt
1289 1435 1323 1487 ah
1344 1432 1467 1488 Eduardo
1485 1419 1622 1493 bernardo
1635 1432 1799 1514 anticissinso
1816 1448 1865 1488 suu

223 1532 364 1599 acceperit,
376 1531 403 1584 in
416 1532 563 1595 tlspoiensi
578 1532 740 1587 bibliotheca
754 1530 965 1598 mmusertptun
977 1530 1003 1599 7
1016 1528 1171 1596 exemplum
1184 1525 1309 1591 huronici,
1324 1524 1350 1578 in
1362 1540 1416 1593 qno
1429 1532 1526 1594 peter
1537 1539 1680 1579 mmones
1691 1533 1719 1577 et
1731 1524 1866 1593 epistulae

223 1620 251 1673 S.
275 1620 371 1674 uene
385 1621 443 1675 hanc
454 1621 577 1677 collectio
591 1622 791 1677 continebatur.
808 1620 847 1676 L’x
867 1618 1021 1690 hujusmodl
1035 1628 1123 1673 autent
1145 1631 1256 1686 operum
1271 1616 1300 1672 S.
1317 1616 1415 1671 Leonis
1432 1625 1460 1671 ct
1475 1616 1553 1685 hujus
1571 1616 1738 1671 collectionis
1753 1616 1865 1685 etolen-

223 1713 312 1766 ctione
325 1712 351 1765 in
367 1714 461 1767 eodem
474 1712 567 1769 codice
582 1713 742 1780 Quosnellns
758 1712 843 1768 facilis
855 1710 1023 1782 coniectatur
1040 1710 1124 1778 ipsam
1136 1709 1322 1765 collectionem
1335 1707 1483 1773 Romanam
1493 1716 1522 1764 et
1532 1709 1583 1763 sub
1592 1708 1682 1763 Leone
1695 1708 1864 1778 potissimum
1953 1766 1958 1775 ,

224 1817 272 1854 ttsu
294 1813 430 1871 receptam
453 1804 605 1873 suspicatus
627 1815 679 1861 est.
702 1804 795 1874 ltaque
821 1804 893 1860 illam
917 1802 1012 1861 fusiori
1030 1802 1210 1872 disputatione
1230 1800 1311 1855 talum
1324 1800 1494 1865 ,coosthuem
1510 1810 1538 1855 et
1555 1802 1581 1855 in
1600 1803 1753 1869 eppenttice
1769 1802 1865 1854 leonis

227 1898 308 1953 edere
325 1883 427 1952 stabuli.
1036 1929 1041 1938 -
1712 1940 1715 1943 .

262 1989 289 2042 5.
312 1989 385 2042 tiene
400 2000 464 2043 sero
478 1986 663 2043 collectionem
680 1985 772 2043 hebed
793 2001 847 2041 nen
867 2000 947 2056 posse
961 1985 1081 2040 codicem
1096 1998 1229 2039 canonum
1244 1982 1371 2039 humanae
1386 1981 1511 2038 Ecclesiae
1527 1981 1631 2052 publica
1645 1983 1808 2045 annositate
1828 1986 1865 2037 ln·

223 2078 376 2143 rtthratum,
391 2086 418 2131 et
432 2077 545 2143 editum,
560 2093 663 2149 usuque
677 2083 814 2146 receptum
824 2076 885 2131 ‘sub
903 2075 932 2132 S.
948 2075 1055 2142 Leone,
1075 2074 1117 2131 sel
1131 2072 1309 2130 tenerioribus
1324 2074 1571 2145 posterioribusque
1591 2073 1713 2143 ejsudem
1733 2075 1863 2131 Eccledze

227 2169 408 2238 pontificibus,
424 2168 511 2239 palem
526 2170 571 2225 ftet
588 2185 621 2224 es
640 2167 877 2225 Observationum
890 2182 958 2237 quus
974 2166 1148 2236 subjiciemus
1161 2164 1343 2221 dissertationi
1356 2164 1415 2231 ts,
1436 2165 1462 2219 ln
1476 2176 1528 2235 qun
1546 2176 1622 2218 ιιιιιιι
1642 2165 1806 2220 molernium
1824 2166 1866 2221 ile

226 2264 386 2317 conuertere
398 2276 430 2315 ae
440 2261 545 2315 munire
557 2262 679 2331 pleribus
692 2258 842 2315 contendit.
856 2258 922 2314 lude
935 2260 1018 2313 etiam
1033 2256 1203 2314 menifestum
1218 2257 1279 2324 erit,
1299 2257 1418 2326 ejusdem
1432 2267 1568 2312 numerem
1587 2256 1669 2313 fuisse
1687 2258 1823 2327 priuatum
1837 2274 1867 2315 ec

224 2353 372 2408 studiosum
390 2356 475 2406 virum
494 2354 570 2407 nobis
582 2353 714 2421 ignotum,
729 2351 768 2405 uti
782 2351 881 2405 Petrus
895 2350 1016 2404 Pithoeus
1028 2358 1107 2404 antea
1117 2347 1240 2403 latrdntus
1252 2358 1431 2418 percenseret.
1447 2345 1477 2403 le
1489 2346 1581 2403 Galliis
1596 2358 1685 2402 autern
1700 2363 1760 2405 sant
1772 2350 1867 2405 eondi-

225 2452 289 2509 tum,
305 2460 336 2500 ac
350 2440 462 2513 proinde
475 2457 526 2498 nee
538 2442 669 2509 italicam,
683 2441 732 2498 sed
748 2440 916 2496 Gallicanam
929 2439 1122 2496 collectionem
1133 2453 1204 2510 esse,
1220 2439 1413 2510 probabilibus,
1424 2448 1453 2494 et
1463 2438 1540 2494 nebts
1553 2438 1690 2506 ridentur,
1704 2442 1867 2511 conjecturis

228 2537 415 2593 iudicabimus.
1548 2570 1555 2582 .

262 2629 290 2681 s.
312 2627 367 2681 huo
381 2626 414 2680 de
429 2625 481 2680 hoc
499 2638 631 2679 canonum
645 2633 673 2680 et
692 2624 913 2680 constitutionum
935 2622 1029 2679 codice
1042 2623 1070 2678 in
1086 2622 1197 2678 recitate
1218 2620 1363 2693 epigraphe
1381 2619 1523 2676 ellit-mavit
1543 2616 1715 2689 Quesnellus,
1738 2626 1866 2682 nimirum

224 2720 343 2775 oninium
357 2718 402 2789 (tui
414 2719 541 2774 hacteuus
555 2717 711 2788 prodierunt
726 2731 788 2773 esse
803 2717 1002 2773 onustissimum
1017 2729 1043 2771 et
1056 2716 1256 2783 enpttsstmsn.
1272 2717 1328 2770 lloc
1346 2719 1493 2771 secundum
1508 2717 1615 2772 defendi
1630 2720 1742 2788 nequitu
1754 2720 1867 2789 emmim

224 2810 297 2866 euim
309 2817 353 2864 est
367 2809 451 2864 multo
469 2808 539 2865 inter
550 2820 662 2865 calmas
682 2807 777 2863 isidori
789 2807 925 2875 collectio,
940 2821 1002 2877 qum
1014 2820 1092 2873 esne,
1107 2806 1268 2861 adulterinis
1282 2807 1363 2861 etiem
1383 2808 1505 2873 omissis,
1524 2808 1603 2880 longe
1616 2810 1690 2880 plura
1705 2810 1867 2869 decernente

224 2900 420 2969 complectitur.
440 2897 632 2955 Vetustissimos
647 2912 711 2953 nero
726 2898 848 2953 codicum
870 2900 1000 2951 hactenus
1020 2897 1165 2964 editorum,
1186 2898 1230 2966 qui
1243 2896 1371 2952 exhibent
1383 2912 1502 2954 canones
1519 2901 1598 2955 sintul
1615 2910 1643 2956 ct
1659 2902 1868 2960 constitutiones

225 2990 297 3044 sedis
313 2989 477 3057 apostolicae,
492 2996 603 3041 eatenus
621 2987 674 3041 dici
691 2994 790 3056 potest,
803 2995 935 3056 quatenus
949 2984 1024 3039 nulla
1036 2984 1196 3039 documenta
1210 2985 1331 3039 continet
1349 3001 1409 3055 qua·
1426 2988 1481 3041 sint
1492 2992 1642 3057 posteriora
1661 2990 1785 3065 Geleslo;
1802 3007 1863 3046 curn

225 3077 466 3132 eliaecollectiuues
480 3087 558 3130 antea
575 3076 645 3147 typis
657 3077 726 3129 datae
739 3075 828 3145 aliqua
844 3076 1024 3144 posteriumm
1038 3074 1193 3142 pontificum
1210 3072 1363 3145 praeferant,
1380 3086 1408 3131 ut
1421 3078 1463 3132 rel
1475 3094 1508 3134 ex
1524 3062 1684 3150 Dionysiana
1701 3099 1868 3154 cognoscere

225 3170 298 3226 licet.
314 3169 395 3224 flecte
408 3179 497 3223 etitem
519 3171 613 3222 statuit
625 3167 656 3222 P.
671 3166 844 3223 Constantius
859 3166 887 3221 in
903 3166 1060 3238 praefatione
1074 3166 1109 3221 ad
1123 3169 1210 3223 tomi
1223 3168 1402 3235 Epistularum
1415 3170 1596 3228 homanorum
1613 3173 1778 3242 pontibunn,
1798 3178 1868 3232 bunc

153 3267 157 3274 '
225 3262 346 3316 codicem
358 3259 408 3313 sub
417 3259 517 3315 Gelasii
527 3275 613 3315 aerom
627 3259 708 3313 fuisse
722 3259 868 3328 digestum.
881 3257 947 3311 Gens
955 3258 1035 3322 cubat,
1047 3258 1134 3326 inquit
1145 3274 1220 3313 num.
1231 3258 1277 3327 ib,
1286 3275 1320 3313 cn
1329 3260 1400 3329 puris
1413 3262 1528 3332 petisque
1540 3261 1684 3319 Gelasimus
1693 3269 1812 3333 epistole
1822 3272 1867 3337 (de

225 3350 301 3408 libris
312 3347 483 3419 apocryphis)
496 3349 574 3401 uerbis
586 3350 697 3419 conflatu
707 3348 740 3402 sit
753 3347 838 3417 primu
851 3363 896 3400 nec
910 3346 1017 3399 minime
1027 3362 1087 3416 pers
1100 3347 1273 3419 prelationis,
1282 3357 1307 3402 et
1319 3348 1385 3401 ttthtl
1394 3350 1485 3405 hebeat
1498 3354 1578 3407 sodex
1591 3357 1660 3424 qued
1673 3355 1770 3411 Galerii
1785 3376 1867 3413 uerum
1969 3395 1970 3400 ι

225 3442 345 3506 secedet,
359 3440 425 3494 illud
437 3455 498 3495 sune
512 3451 661 3508 usqumente
675 3447 711 3493 est
730 3455 789 3495 eum
803 3440 848 3506 qui
866 3439 913 3492 sub
925 3437 1023 3492 Gelesis'
1037 3439 1199 3506 pontificatu,
1214 3441 1253 3494 uel
1267 3440 1337 3493 head
1350 3441 1431 3495 multo
1443 3452 1518 3513 peel,
1532 3447 1639 3516 primunt
1657 3447 1740 3501 codici
1761 3467 1867 3504 munem

225 3533 349 3600 admonit,
363 3533 480 3586 clunem
497 3532 580 3586 edem
594 3531 758 3603 imperabam
778 3529 855 3600 etque
868 3528 932 3582 dtttn
946 3524 1018 3583 berle
1034 3528 1202 3584 consiliumet
1216 3529 1414 3600 pontificemque
1427 3532 1528 3587 decretu
1538 3522 1676 3606 compilet,
1693 3537 1734 3593 bit
1753 3540 1868 3595 mesni·

225 3627 319 3679 senisse
333 3641 363 3679 ee
377 3623 490 3693 quesibi
500 3633 560 3677 note
572 3631 655 3689 erettt,
669 3633 694 3677 st
708 3621 849 3692 feodliurie
861 3619 959 3675 Gelesii
972 3629 1077 3676 ιιιιιιιι.
1091 3620 1171 3676 Putat
1180 3620 1341 3689 Quesnellus
1354 3636 1413 3678 eam
1430 3624 1530 3680 codicis
1547 3633 1651 3696 partem
1665 3641 1726 3699 quae
1736 3629 1867 3687 Coustm

226 3717 414 3788 tinopolitnnos
428 3732 546 3774 canones
566 3716 686 3781 exbibet,
710 3726 770 3786 post
783 3716 905 3786 Gregorii
919 3714 1009 3784 blepni
1021 3722 1127 3769 aetatem
1141 3715 1261 3768 additam
1281 3712 1373 3770 fuisse.
1386 3717 1422 3769 ht
1438 3717 1507 3772 idea
1528 3719 1556 3772 in
1577 3721 1718 3791 lrppsothcsi
1739 3725 1866 3794 conjicit,

225 3811 296 3878 «quod
311 3809 334 3863 is
349 3809 471 3878 publicus
490 3809 619 3864 humente
633 3809 763 3863 Ecclesiae
786 3809 873 3863 ceder
896 3807 1025 3874 leterius
1044 3821 1098 3875 quo
1117 3807 1215 3862 laudeni
1229 3821 1348 3863 meones
1361 3821 1446 3878 usque
1467 3810 1499 3863 ad
1519 3809 1676 3881 Gregorinm
1695 3816 1869 3872 leenisslme

226 3901 363 3952 abessent.
376 3895 444 3952 Cum
462 3912 527 3952 sero
541 3901 599 3953 hare
613 3896 769 3967 hypothesis
782 3900 892 3953 omnino
906 3898 943 3952 sit
957 3897 1033 3962 lutea,
1048 3896 1114 3951 nihil
1126 3896 1238 3966 impedt
1248 3900 1314 3967 quin
1323 3897 1404 3952 iidem
1417 3912 1534 3956 canuam
1544 3901 1580 3955 ita
1592 3902 1654 3958 hue
1663 3903 1747 3960 cedid
1763 3910 1868 3976 prirstu

226 3990 319 4044 inserti
335 3988 436 4044 luerint
455 3991 506 4046 sub
521 3987 643 4053 Gelasio,
657 3989 729 4044 sieut
742 3989 771 4044 iu
783 3990 843 4043 aliis
860 3989 969 4059 priuatis
984 3988 1188 4044 colleetluuibus
1202 3996 1265 4043 ante
1281 3987 1324 4044 uel
1341 3990 1494 4061 paulopost
1507 3989 1643 4047 Gelasium
1666 3995 1815 4052 lucubratis
1829 3998 1868 4052 in-

226 4083 368 4136 tententur
382 4082 485 4136 inserti.
501 4079 602 4137 Confer
613 4085 721 4135 nttstras
731 4079 940 4156 Observationes
952 4081 986 4134 ad
1001 4080 1109 4137 dissert.
1127 4080 1412 4151 reconcilient
1431 4099 1459 4140 n.
1472 4084 1501 4140 8.

261 4171 288 4227 b
309 4171 493 4226 Praestandum
512 4186 578 4224 vero
593 4170 671 4240 hujus
686 4172 852 4226 collectionis
866 4171 921 4227 dtto
934 4173 1103 4241 potissimum
1116 4181 1251 4229 astruunt.
1268 4174 1359 4229 Priene
1372 4176 1474 4245 aliquot
1492 4180 1605 4248 insignia
1620 4180 1779 4237 dtettmentn
1804 4197 1867 4240 cort·

226 4265 293 4320 tinet
306 4281 365 4335 quae
375 4282 406 4320 es
421 4265 470 4319 hac
484 4281 534 4319 une
549 4265 709 4326 collectione
722 4267 755 4321 ad
770 4281 820 4322 nos
830 4277 1028 4337 ‚perrensrnnh
1039 4269 1078 4323 Ιιι
1090 4268 1186 4324 Petrus
1199 4269 1321 4326 Crebbns
1335 4283 1370 4326 es
1385 4283 1493 4328 vetuste
1505 4276 1584 4345 hujus
1594 4278 1763 4334 collectionis
1775 4296 1867 4336 erent·

227 4356 270 4426 plo
284 4357 368 4412 edidit
382 4359 522 4426 epistolam
538 4358 645 4414 hlieunil
658 4368 686 4415 et
698 4369 862 4416 caeterorum
878 4361 1066 4429 episcoporum
1086 4361 1235 4428 proshtcin
1252 4361 1397 4433 bysacenae
1413 4363 1548 4421 breviario
1561 4370 1696 4425 ennununr
1712 4372 1868 4442 ltippontrnb

226 4451 295 4506 sium
311 4453 474 4521 premissam
498 4467 559 4523 cap.
579 4455 614 4520 ι,
637 4453 743 4523 aliaque
756 4455 885 4513 nonnulla
907 4470 967 4524 quae
988 4453 1096 4510 sliunde
1117 4470 1170 4510 non
1191 4462 1350 4524 suppetere
1373 4468 1400 4512 et
1421 4457 1563 4515 cnrdhtalis
1584 4462 1714 4520 Batonius
1737 4467 1866 4533 quasdam

226 4547 379 4615 imperiales
401 4549 472 4619 leges
492 4548 623 4605 adversos
638 4549 797 4621 Pelagianos
814 4563 846 4603 es
866 4564 918 4607 ms.
939 4548 1108 4605 dtrcltutensi
1130 4550 1251 4618 eiusdem
1271 4550 1437 4608 solleebsnls
1450 4554 1485 4610 ab
1497 4554 1614 4614 beonoc
1626 4556 1725 4615 Granio
1742 4568 1865 4631 acceptas

225 4640 376 4695 dunelibus
389 4641 517 4707 inseruit,
534 4657 600 4709 ques
613 4641 640 4696 in
654 4643 715 4696 eliis
736 4641 941 4696 collectionibus
957 4640 1056 4696 ιιιιιιιι
1075 4642 1207 4709 requires.
1228 4642 1352 4698 beenndu
1369 4644 1423 4698 etsi
1435 4645 1486 4700 ella
1509 4647 1639 4719 plersqne
1651 4648 1810 4709 docttmenta
1826 4651 1866 4707 tn-

225 4740 303 4786 senta
325 4735 380 4787 etttt
394 4734 420 4787 in
435 4734 494 4787 eliis
507 4735 645 4788 codicibus
668 4734 858 4804 bionysiaeis,
873 4731 1037 4802 hispanicis,
1053 4733 1223 4799 historiarum
1244 4747 1306 4788 cnm
1323 4741 1519 4798 ιιιιιιιιιιιιιιι
1536 4748 1636 4797 nostra
1651 4743 1820 4799 collectionis
1833 4757 1864 4797 cs

226 4826 267 4877 his
283 4822 399 4878 fortnhus
413 4841 466 4879 non
480 4826 605 4889 ebiberit,
619 4826 666 4879 sed
679 4840 712 4879 es
723 4826 782 4879 eliis
793 4825 992 4893 antiquioribus
1003 4823 1309 4893 esenphrieusesden
1323 4824 1484 4882 documenta
1501 4829 1647 4899 derivarit3
1658 4831 1866 4890 direrses'idenss
1948 4819 1952 4826 ⁴

185 4947 187 4950 ν
225 4917 318 4983 tidem,
334 4926 362 4973 et
375 4934 429 4972 nrm
445 4935 505 4972 raro
519 4921 598 4973 etiem
613 4919 774 4975 sinceriores
789 4919 930 4984 lectiones.
945 4935 978 4973 ee
991 4933 1184 4990 nunnunquam
1209 4920 1354 4987 integriore
1365 4935 1472 4992 quoque
1484 4933 1657 4980 monuments
1668 4929 1702 4980 ad
1714 4941 1763 4981 nos
1779 4937 1866 4982 nans·

227 5010 310 5063 rnisit.
325 5007 383 5062 Non
398 5010 531 5063 neurincm
548 5008 671 5063 fortassis
691 5008 757 5064 illud
776 5008 909 5074 otieudet,
924 5009 994 5077 quod
1010 5009 1177 5079 supposititia
1193 5006 1222 5063 S.
1235 5007 1383 5064 Clementis
1396 5011 1508 5076 epistole
1518 5012 1552 5066 ad
1563 5013 1692 5069 iacobum
1706 5016 1735 5071 in
1748 5016 1865 5071 ltaccol·
1899 5012 1904 5021 '
1969 5029 1970 5046 ι

226 5102 340 5158 lectione
354 5114 462 5171 recepta
485 5102 574 5158 itteris.
591 5109 625 5158 At
638 5120 698 5157 cttrn
714 5120 745 5158 en
762 5103 858 5160 llttfton
883 5108 1031 5171 interprete
1051 5102 1160 5172 rttlgnta
1177 5101 1227 5169 sit,
1250 5101 1363 5170 ejusque
1384 5104 1530 5159 sumentes
1562 5105 1590 5160 in
1604 5104 1741 5163 Gallicana
1761 5105 1865 5180 synodo

227 5190 398 5248 vesensiau.
418 5194 471 5247 lte
490 5207 550 5247 cun.
567 5192 709 5263 (ilsulcm
731 5207 756 5245 nt
775 5196 893 5262 plenque
908 5193 1016 5246 cedices
1031 5191 1137 5258 ferunt)
1152 5191 1267 5258 laudata,
1287 5192 1353 5246 nibil
1371 5193 1471 5249 mirum
1494 5197 1520 5250 si
1538 5199 1565 5250 itt
1586 5198 1655 5251 tiene
1676 5197 1864 5254 eniieetionem

226 5277 389 5334 Gallicanam
404 5284 524 5336 tradttctn
547 5281 607 5338 fuit.

262 5370 289 5424 li.
307 5370 382 5423 Nune
394 5376 426 5426 de
439 5390 515 5429 sturm
535 5376 658 5434 editionis
670 5379 832 5431 necessitate
846 5385 873 5429 et
892 5375 1019 5435 utilitate,
1032 5374 1110 5429 aede
1124 5375 1251 5431 subsidiis
1268 5377 1298 5432 in
1317 5392 1376 5432 esto
1390 5378 1573 5434 recudendam
1585 5379 1715 5436 cultibilis
1726 5382 1800 5453 plura
1821 5382 1862 5435 tlt·
1969 5433 1970 5440 ,

227 5461 308 5515 rendi
322 5470 394 5516 sunt.
410 5463 569 5528 Qttesnellns
584 5471 652 5520 ltenc
667 5468 850 5522 collectionem
868 5483 922 5521 non
943 5468 1055 5520 omnlino
1071 5465 1217 5536 integrans,
1238 5482 1288 5523 nec
1303 5481 1363 5523 cum
1378 5468 1535 5526 melioribus
1551 5486 1585 5525 ac
1597 5471 1788 5529 sincerioribus
1805 5475 1862 5541 eius

226 5549 384 5606 lectionibus
407 5552 505 5621 ubique
524 5557 615 5612 edidit.
636 5558 662 5612 ld
682 5574 714 5612 er
733 5575 766 5613 eo
786 5569 875 5614 ortum
891 5559 981 5624 luntres,
1000 5558 1070 5629 quod
1093 5559 1271 5614 recentiorem
1294 5560 1414 5628 codicem
1434 5562 1626 5626 broniensem,
1648 5567 1674 5620 in
1697 5566 1789 5637 mnus
1809 5567 1865 5637 alia¹

226 5640 335 5708 omissa,
349 5641 398 5695 elia
412 5653 511 5711 praeter
523 5646 667 5700 vetttstiow
680 5665 694 5697 n
709 5647 902 5715 exemplarium
920 5647 998 5700 tidem
1015 5647 1133 5704 studiosi
1147 5647 1294 5719 cujnptnrn
1309 5652 1422 5706 arbitrio
1434 5653 1576 5708 conuenta
1591 5654 1676 5723 lutere,
1694 5667 1800 5712 secutus
1812 5658 1859 5713 sit.
