4000 6175
164 321 220 381 819
334 319 444 376 VETUS
463 316 625 375 clauduli
644 315 784 379 NiCAEN.,
805 311 907 369 SARD.
929 308 974 362 ET
994 307 1162 367 criticus.
1180 308 1457 367 thrithemium
1475 306 1613 368 trimi.
1738 304 1790 360 850

161 438 325 502 contristari,
345 436 391 490 sed
407 437 491 504 magis
509 433 631 504 gaudete,
647 432 772 503 quoniam
785 438 814 485 et
832 442 879 483 ros
894 438 950 480 me·
967 421 994 483 A
1042 426 1119 499 [Lege
1133 427 1253 500 Alypius]
1268 429 1374 501 Aiysius
1449 426 1638 489 Seuerusslrn.

1072 518 1205 574 similiter.
1449 522 1598 579 Resiilttlus
1611 520 1673 576 sl'tn.

160 633 297 685 carceres,
310 627 338 673 et
351 618 466 683 vincula,
479 626 507 671 et
520 615 649 670 iaetrooes
662 615 804 674 tolerasts,
827 610 884 664 hmo
900 621 948 661 tos
1036 609 1177 665 Gerorrtius
1189 611 1250 670 sim.
1306 654 1311 667 .

160 715 445 773 noncontristabunt:
461 706 951 769 hascerrimetanterosPatressu-
1039 698 1189 755 t'i..eertius
1212 701 1354 772 episcopus
1376 703 1524 761 incolumes
1546 717 1595 759 ros
1616 704 1643 758 in
1675 701 1787 759 bormno
1889 720 1895 735 ·

159 811 324 874 minuerunt,
345 819 458 872 quorum
471 818 539 857 unus
553 809 595 857 est
608 801 701 856 bertus
716 798 823 861 Paulus,
840 801 949 864 propter
999 799 1079 859 opto,
1096 791 1261 847 dilectissimi
1278 792 1372 849 iratres
1387 792 1497 863 :jussus
1508 807 1524 850 a
1537 792 1665 851 iratribus
1679 792 1746 849 uicis
1758 801 1787 849 et

159 900 233 970 quod
246 906 273 953 et
285 900 383 952 rinctus
401 904 521 950 voratus.
543 891 699 948 Audivimus
716 894 815 955 quatita
830 894 857 938 et
872 884 949 952 lngo·
999 883 1164 953 coepiscopis
1176 886 1281 955 scripsi,
1296 895 1324 941 et
1335 887 1480 960 subscripsi
1492 902 1541 959 pro
1553 886 1669 945 ceteris.

159 991 222 1044 nius
243 989 383 1058 presbyter
398 1000 492 1055 passus
510 992 564 1050 est,
579 993 606 1037 et
619 980 752 1035 doluimus
765 975 872 1046 qtridem
888 988 949 1041 pro·

159 1092 222 1151 pter
234 1079 361 1150 iujuriam
371 1078 486 1134 libenter
495 1084 585 1130 autem
594 1074 857 1142 accepimussacram
865 1067 949 1137 608

158 1170 220 1241 eius
235 1169 409 1235 voluntatem,
428 1166 555 1238 quoniam
575 1172 685 1235 propter
701 1159 836 1217 Christum
851 1167 947 1213 cuneta
1034 1151 1196 1208 Athanasius
1210 1155 1387 1226 presbyteris,
1404 1166 1433 1212 et
1452 1157 1625 1221 diaconibus,
1644 1167 1671 1214 et
1686 1153 1786 1227 populo

157 1259 299 1316 sustinuit.
312 1257 341 1315 Si
355 1260 435 1330 igitur
446 1259 533 1315 adhue
547 1273 595 1314 ros
614 1264 751 1327 premunt,
767 1266 827 1322 quae
840 1260 948 1320 putatur
999 1242 1136 1297 catholice
1151 1244 1279 1300 Eeciesiae
1298 1247 1368 1316 apud
1387 1248 1549 1315 iisreotam,
1562 1248 1741 1305 dilectissimis
1754 1261 1785 1303 ac

157 1350 269 1405 tristitia
289 1364 361 1413 esse,
385 1348 557 1418 ingaudium
580 1354 760 1403 convertatur.
784 1341 947 1411 scripsimus
998 1333 1221 1390 desiderabilibus
1235 1335 1362 1392 iratribus
1375 1340 1402 1392 in
1417 1339 1530 1394 Domino
1544 1340 1667 1395 salutern.

156 1441 235 1497 enim
253 1439 381 1509 piissimis
399 1437 604 1509 imperatoribus
621 1446 651 1492 ut
674 1450 708 1490 ne
722 1434 758 1490 de
770 1444 869 1488 caetero
884 1430 947 1486 talia
1034 1426 1131 1481 Sancta
1150 1426 1270 1497 synodus
1290 1428 1408 1483 laudarit
1426 1429 1452 1485 in
1467 1428 1573 1485 Christo
1587 1437 1703 1484 vestram
1721 1428 1784 1484 reli·

154 1531 363 1586 committantur
373 1530 513 1584 adeersum
527 1526 678 1593 Ecclesiam
691 1534 718 1581 et
730 1524 865 1581 eredimus
875 1510 947 1589 quod
997 1519 1114 1588 gionem.
1130 1518 1228 1575 ornnes
1252 1530 1377 1593 acceptos
1394 1523 1512 1578 tulerunt
1532 1522 1560 1578 iu
1583 1521 1705 1578 omnibus
1726 1520 1784 1576 aui·

157 1623 293 1678 hominus
308 1621 388 1677 iaciet
401 1636 448 1690 per
458 1621 612 1691 religionem
628 1616 881 1674 humanissimorum
896 1613 947 1670 im·
998 1625 1071 1666 mum
1085 1620 1112 1665 et
1124 1608 1326 1681 fortitudinem,
1341 1614 1466 1683 quoniam
1479 1613 1566 1669 minas
1580 1628 1634 1670 non
1649 1611 1783 1678 timuistis,

157 1720 329 1783 peratorurn,
350 1720 380 1766 nt
394 1719 421 1766 et
440 1724 491 1766 nos
504 1725 564 1764 cunr
587 1710 682 1765 solatio
702 1715 730 1763 et
754 1706 877 1762 libertate
890 1703 946 1760 Deo
998 1699 1067 1770 quod
1083 1702 1228 1755 tolerantes
1242 1701 1356 1771 injurius
1376 1713 1404 1759 et
1424 1705 1624 1773 persecutiones
1644 1703 1784 1761 adversum

154 1805 261 1876 gratias
273 1810 393 1874 agentes,
404 1812 431 1858 et
446 1803 581 1873 placentes
596 1801 763 1856 inveniamur
780 1801 806 1853 iu
821 1798 866 1853 die
875 1796 948 1867 judi·
961 1774 987 1837 Β
1002 1790 1143 1860 pietatem,
1165 1793 1350 1861 prevaluistis.
1363 1793 1471 1849 littera
1486 1794 1574 1865 itaquo
1593 1802 1706 1865 vestre,
1721 1794 1784 1850 doru

155 1898 203 1953 eii.
220 1896 388 1967 Quaeautem
406 1902 469 1950 snut
483 1893 603 1961 actitata,
622 1894 691 1948 sicut
705 1890 888 1961 prediximus,
904 1902 950 1943 ro·
1000 1882 1169 1950 legerentur,
1198 1882 1322 1939 omnibus
1350 1882 1482 1955 lacrymas
1506 1892 1731 1949 commoverunt,
1758 1891 1784 1939 et

153 1988 296 2060 gnoscetis
307 2000 343 2042 ex
352 1985 533 2041 dileetissimis
543 1983 671 2040 iratribus
679 1982 781 2038 nostris
791 1981 835 2049 oui
846 1986 949 2034 rostras
1000 1984 1094 2026 vmnes
1106 1972 1138 2026 id
1154 1982 1271 2028 vestrum
1285 1982 1473 2045 pertraxerunt
1482 1973 1621 2041 affectum
1634 1974 1784 2032 dilexerunt

155 2079 265 2135 litteras
279 2084 460 2145 portaverunt,
468 2073 519 2130 hoc
530 2083 572 2130 esi
585 2073 749 2145 preshyteris
758 2079 784 2126 et
792 2067 948 2126 diaconibus
1000 2076 1047 2117 ros
1059 2074 1085 2159 et
1098 2063 1239 2132 absentes,
1256 2079 1288 2119 ac
1300 2076 1404 2121 vestras
1425 2065 1625 2135 persecutiones
1639 2077 1701 2119 suas
1713 2062 1784 2118 asti·

156 2160 947 2233 Alexandrinisrepiscopumenimvestromdilectissimum
1000 2167 1163 2213 suaserunt:
1185 2157 1311 2213 indicium
1331 2172 1446 2228 namque
1459 2156 1598 2214 eharitatis
1617 2170 1708 2212 eorum
1723 2162 1784 2210 sunt

157 2258 272 2313 tratrem
284 2266 405 2312 nostrum
418 2262 446 2310 et
458 2249 669 2310 comministrum
685 2252 858 2309 Athanasium
871 2252 948 2306 inno·
999 2250 1095 2305 litterae
1106 2250 1139 2305 ad
1158 2265 1206 2306 ros
1219 2250 1301 2318 datam
1316 2260 1343 2306 et
1355 2251 1417 2307 lieet
1431 2250 1566 2307 suiirccret
1579 2265 1626 2306 ros
1639 2264 1783 2306 connume-

156 2358 268 2405 eentem
288 2356 316 2402 et
332 2346 466 2403 sincerum
484 2345 519 2400 ab
537 2346 608 2401 omni
621 2344 752 2400 calumnia
767 2344 950 2413 pronuntiarit
999 2356 1060 2397 rare
1071 2352 1169 2397 sancte
1181 2358 1228 2410 per
1240 2342 1425 2398 Alexandriam
1444 2342 1589 2411 Ecclesia,
1603 2351 1693 2399 tamen
1709 2355 1784 2411 sepa·

157 2449 255 2496 sancta
266 2447 293 2495 et
310 2452 404 2508 magna
418 2437 554 2509 synodus;
571 2436 741 2492 Theodorum
754 2450 828 2497 reru,
843 2432 950 2488 Narcis·
1000 2435 1078 2489 ratim
1092 2434 1168 2490 robis
1177 2435 1285 2503 scripsit
1296 2445 1388 2491 sancta
1400 2437 1529 2507 synodus,
1541 2445 1571 2491 ut
1583 2434 1719 2490 adhortati
1732 2448 1784 2489 non

155 2546 232 2595 sum,
252 2530 428 2599 Stephanum,
454 2526 591 2593 Acacium,
616 2526 770 2595 Gerrrgium,
797 2523 947 2589 llrsacium,
999 2525 1129 2581 deficiatis
1143 2524 1178 2582 ob
1194 2525 1251 2581 hauc
1271 2541 1331 2597 quae
1353 2527 1489 2596 patimini;
1512 2526 1559 2582 sed
1580 2525 1680 2597 gratias
1701 2526 1783 2595 agatis

156 2620 312 2685 Valentem,
332 2628 360 2675 et
377 2617 575 2689 ilinophantum
596 2617 749 2687 episcopatu
770 2614 894 2686 deponit
914 2612 948 2668 ob
1000 2615 1113 2671 Domino
1127 2616 1198 2685 quod
1211 2630 1300 2672 uestra
1315 2617 1441 2687 patientia
1456 2618 1554 2674 bonum
1569 2615 1683 2672 lructum
1700 2612 1784 2668 itabe-

155 2709 527 2782 eaqueoetiquerumemb
538 2704 948 2776 impiissimamiratresim,euy'trs
999 2705 1049 2760 bit.
1064 2706 1133 2762 Olim
1148 2708 1237 2777 itaque
1251 2708 1370 2764 latebant
1383 2708 1570 2765 baereticorum
1591 2720 1698 2772 mores;
1714 2717 1783 2759 nunc

154 2802 227 2859 socii
247 2809 275 2857 et
294 2801 400 2872 patroni
420 2799 553 2856 videntur.
580 2799 619 2856 Do
637 2797 767 2870 Gregorio
787 2807 875 2856 antem
899 2813 948 2854 uec
999 2804 1089 2852 tamen
1101 2798 1226 2853 omnibus
1236 2800 1346 2870 expansi
1365 2809 1428 2854 sunt
1446 2809 1473 2855 et
1491 2796 1635 2869 patefacti:
1650 2809 1711 2850 nam
1723 2808 1783 2848 sau-

156 2900 265 2947 tantum
287 2891 424 2947 credimus
448 2891 627 2946 necessarium
647 2904 707 2944 esse
727 2889 863 2952 scribere3
883 2887 947 2944 olim
999 2895 1041 2941 cta
1054 2888 1172 2958 synodus
1184 2887 1344 2945 advertitah
1358 2890 1399 2944 iris
1413 2890 1584 2946 correinnatas
1597 2887 1783 2943 adversusros

155 2986 232 3041 etaim
254 2984 391 3053 depositus
413 2993 464 3047 est,
480 2983 562 3039 immo
584 2982 668 3053 magis
685 2981 827 3052 episcopus
841 2980 947 3051 penitus
998 2979 1160 3051 calumnias,
1180 2990 1207 3037 et
1224 2994 1271 3037 eos
1284 2981 1378 3037 habuit
1396 2983 1475 3044 odio,
1489 2989 1569 3053 atque
1582 2978 1702 3035 omnium
1717 2989 1784 3033 con·

154 3091 211 3132 non
230 3084 273 3131 est
291 3079 437 3130 estimatus
457 3091 463 3128 :
486 3073 545 3144 ejus
561 3074 632 3129 euim
651 3089 718 3143 opus
731 3071 818 3128 simile
831 3079 874 3128 est
887 3070 946 3142 ejus
999 3086 1080 3128 sensu
1090 3070 1214 3144 deposuit
1224 3072 1405 3142 Theodorum,
1420 3073 1569 3141 Valentem,
1582 3071 1719 3129 Ursaciurn
1733 3067 1784 3124 tin

154 3164 332 3222 ordinationi.
353 3163 382 3220 st
400 3164 460 3232 ouis
474 3164 554 3235 igitur
566 3164 600 3221 ab
616 3179 649 3219 eo
667 3163 794 3233 deceptus
811 3172 869 3230 est,
884 3136 982 3219 eru·C
998 3165 1163 3222 Alexandria
1181 3177 1208 3222 et
1228 3167 1355 3223 hlareota.
1377 3168 1476 3224 Eadem
1496 3168 1576 3223 etiam
1589 3180 1637 3236 per
1652 3165 1718 3219 alias
1733 3162 1784 3217 Ee·

153 3260 248 3314 diatur
261 3266 289 3313 et
308 3257 446 3312 veritatem
466 3265 626 3327 cognoscat;
647 3257 670 3312 si
691 3272 755 3312 rero
768 3257 869 3312 resistit
888 3255 947 3326 eius
997 3255 1093 3312 clesias
1112 3257 1180 3313 iacta
1194 3267 1266 3311 sunt.
1284 3257 1318 3312 Ει
1335 3258 1460 3327 quioniam
1482 3257 1657 3312 intolerabilis
1676 3266 1716 3312 est
1728 3257 1783 3324 jam

155 3346 303 3418 impietati,
316 3348 430 3415 gaudeat
441 3347 513 3416 quod
527 3346 625 3418 etipse
637 3345 792 3402 adversatus
805 3357 846 3401 est
863 3344 936 3403 huic,
997 3348 1140 3403 crudelitas
1154 3364 1258 3414 eorum,
1272 3356 1301 3403 et
1315 3352 1436 3420 tyrannia
1451 3349 1580 3404 adversus
1596 3349 1730 3405 Ecclesias
1741 3364 1786 3403 ee·

153 3453 237 3510 quern
252 3446 344 3492 sancta
357 3436 476 3507 synodus
491 3453 539 3492 nee
553 3436 706 3507 episcopum
721 3436 872 3491 estimavit.
891 3434 946 3491 Nec
997 3438 1109 3500 lebrata,
1126 3437 1185 3492 ideo
1202 3439 1356 3507 episcopatu
1369 3439 1451 3509 610
1462 3438 1558 3507 dejecti
1573 3439 1785 3507 sermonemque

152 3531 227 3587 enirn
251 3543 302 3583 nos
321 3527 397 3582 iatuit
417 3528 480 3598 quid
499 3527 628 3584 aduersus
649 3542 697 3584 ros
720 3526 894 3590 commiserit,
918 3534 946 3582 et
996 3528 1183 3581 communione
1193 3527 1456 3584 alienaticeterurn
1467 3528 1501 3583 de
1511 3529 1640 3598 Gregorio
1650 3543 1700 3583 nec
1710 3543 1785 3584 men·

153 3630 288 3690 orantum
311 3633 359 3674 ros
383 3620 519 3686 presserit.
545 3620 598 3677 Sed
619 3619 732 3688 gaudeto
750 3620 876 3690 quoniam
896 3631 946 3688 pro
997 3619 1097 3672 tionem
1118 3617 1207 3673 iacere
1220 3616 1380 3672 roirterunt:
1396 3619 1440 3690 qui
1455 3621 1526 3676 enim
1541 3620 1647 3690 penitus
1666 3619 1783 3690 episcopi

152 3711 265 3766 Christo
286 3711 407 3780 patimini
425 3710 461 3767 ab
480 3710 522 3765 his
536 3712 581 3782 qui
600 3710 735 3766 Christum
749 3708 943 3778 blasphemant.
997 3723 1095 3764 tromen
1110 3724 1160 3764 nee
1175 3706 1285 3774 habuit,
1300 3709 1370 3764 hunc
1383 3710 1522 3766 rronrinaro
1534 3710 1697 3782 superdeum
1712 3711 1784 3766 asti·

153 3800 332 3857 AEstimamus
346 3810 435 3856 autern
449 3801 521 3871 quod
534 3802 589 3873 jam
603 3803 693 3856 omnis
705 3800 946 3855 insolerrtiacessa·
997 3811 1153 3869 marerunm
1169 3801 1215 3857 scd
1227 3812 1338 3871 propter
1351 3802 1478 3872 coeptos
1492 3801 1526 3860 ab
1540 3818 1583 3869 co,
1597 3804 1713 3860 nominis
1726 3804 1785 3874 ejus

152 3891 200 3958 bit,
229 3891 377 3961 increpatis
396 3907 427 3947 ac
439 3892 567 3963 depositis
589 3893 676 3948 noxiis
688 3892 734 3961 qui
752 3890 875 3947 heresim
890 3905 944 3946 raon
996 3894 1159 3949 mentionem
1174 3892 1309 3959 iecerunt;
1332 3909 1386 3950 non
1408 3895 1468 3965 quia
1490 3893 1586 3964 dignus
1600 3897 1729 3952 memoria
1745 3895 1784 3950 vi·

153 3983 346 4039 nominandam
367 3983 559 4040 deiorrdebant.
590 3982 739 4040 incolumes
762 3997 809 4039 ros
834 3997 895 4039 esse
917 3982 944 4038 in
996 3985 1125 4050 debatur,
1140 3983 1188 4039 sed
1202 3994 1230 4039 nt
1241 4000 1274 4040 ex
1286 3984 1392 4056 hocqui
1411 3986 1446 4040 ab
1458 3985 1504 4042 ilio
1520 3984 1625 4056 decepti
1637 3995 1712 4052 sunt,
1726 3986 1784 4056 ejus

154 4074 272 4130 homino
286 4084 360 4142 opto.
995 4083 1158 4144 cogrruscrut
1168 4073 1315 4142 iniamianr,
1329 4084 1357 4129 et
1370 4075 1531 4131 erubescant
1543 4073 1692 4144 cujusmodi
1705 4076 1786 4131 lactis

187 4165 249 4234 Ego
272 4164 351 4219 osius
373 4165 515 4235 episeopus
538 4164 686 4221 incolumes
708 4177 757 4222 ros
780 4164 807 4220 in
830 4164 944 4222 Domino
997 4167 1394 4228 homiuieomnunioarerurt..

155 4266 230 4326 opto,
246 4254 414 4311 dilectissimi
429 4254 535 4311 iratres.
1031 4258 1204 4329 cognoscetis
1228 4273 1293 4314 vero
1313 4273 1395 4330 super
1413 4276 1461 4318 eos
1483 4261 1580 4332 scripta
1600 4276 1635 4317 es
1656 4273 1783 4330 superan-

157 4400 163 4412 ,
186 4345 353 4403 Athanasius
367 4345 509 4416 episcopus
522 4355 612 4403 vester
627 4348 775 4403 incolumes
788 4360 837 4403 ros
849 4347 876 4404 io
891 4346 945 4404 [io-
997 4349 1088 4415 nerim
1103 4358 1131 4405 et
1144 4348 1206 4405 licet
1224 4365 1276 4404 non
1288 4366 1382 4407 omnes
1394 4353 1514 4408 scribere
1526 4350 1644 4423 episcopi
1659 4365 1783 4408 oecume-

154 4439 230 4492 rnino
239 4449 315 4507 opto,
326 4436 492 4493 dilectissimi
507 4437 612 4494 iratres.
997 4449 1071 4510 runt,
1084 4448 1202 4496 attamen
1213 4442 1247 4496 ab
1257 4443 1381 4498 omnibus
1395 4443 1496 4513 scripto
1507 4454 1579 4512 sunt,
1594 4451 1622 4499 ct
1634 4459 1682 4514 pro
1693 4441 1783 4498 onini-

187 4524 494 4583 iieiiodorussimilitcr.
546 4523 550 4530 '
608 4526 852 4583 Luciussimiiiter.
955 4488 985 4553 D
996 4534 1235 4603 busseripserunt.
1251 4532 1366 4589 inuicem
1384 4537 1499 4591 salutate
1515 4537 1543 4591 in
1565 4536 1658 4591 osculo
1678 4543 1782 4589 saneto.

186 4615 329 4671 loirsones
340 4616 402 4670 siut.
605 4617 688 4689 609
701 4617 821 4673 Asterius
833 4617 894 4672 sim·
996 4624 1119 4681 Saiutant
1129 4639 1178 4680 ros
1191 4640 1285 4680 omnes
1299 4627 1405 4683 iratres.

187 4707 275 4762 ionas
293 4706 354 4762 sim.
604 4709 703 4765 bassus
715 4709 778 4766 siin.
1031 4715 1194 4786 Protogenes
1208 4713 1291 4788 [legs
1307 4717 1482 4792 Protogenes]
1502 4722 1659 4792 episeopus,
1681 4720 1783 4774 ineolu-

188 4797 335 4867 Dionysins
345 4798 406 4851 sim.
607 4800 749 4857 Dioscorus
760 4801 823 4857 sim.
996 4820 1053 4863 mes
1069 4820 1118 4863 ros
1137 4807 1163 4861 in
1178 4806 1292 4862 Domino
1310 4817 1389 4877 opto,
1403 4809 1586 4876 dilectissimi,
1606 4814 1634 4868 et
1646 4789 1783 4868 desidem-

187 4886 424 4954 Paregoriussitn.
605 4890 841 4950 henricianussim.
995 4896 1073 4954 biles.

187 4980 285 5033 Aetius
299 4977 362 5035 sim.
606 4981 766 5051 Calepodius
779 4984 841 5039 sint.
1033 4992 1220 5047 Athenodorus
1242 4993 1383 5062 episcopus
1398 4994 1545 5051 incolumes
1563 5010 1609 5051 ros
1629 4996 1655 5049 in
1671 4993 1783 5049 Domino

188 5068 290 5124 Valens
303 5069 365 5126 sim.
608 5074 760 5131 Alexander
773 5077 834 5132 sim.
996 5092 1071 5150 opto,
1085 5083 1181 5137 iratres
1195 5084 1370 5138 dilectissimi.

189 5163 344 5219 Ariussim.
572 5168 842 5226 'Plutareirussim
1030 5173 1368 5243 Julianusepiscopussim.
1443 5175 1640 5243 Euiogiussim.

190 5255 354 5328 Porphyrius
364 5257 426 5312 sim.
606 5260 761 5317 Vincentius
777 5264 839 5318 sim.
1031 5266 1188 5317 Ammonius
1199 5266 1258 5318 sim.
1444 5264 1576 5333 Eugenius
1589 5265 1650 5318 sim.

189 5348 378 5406 Athenodorus
387 5350 450 5407 sim.
604 5352 698 5408 vitalis
711 5354 773 5409 sim.
1031 5355 1163 5425 Aprianus
1179 5355 1238 5411 sim.
1445 5354 1527 5426 [depe
1554 5354 1697 5430 [liodorus]
1721 5356 1783 5412 iio-

1057 1029 1080 1069 S.
1100 1031 1239 1072 diuisisti
1257 1035 1292 1073 Ab
1310 1034 1412 1075 stsnsrt
1431 1035 1571 1078 ECCLESM
1588 1034 1724 1078 ΕΡΙΒῘθΙΛο

191 5516 205 5545 ·
221 5509 312 5578 Aliqua
324 5510 429 5570 desunt,
442 5525 474 5564 err
485 5526 538 5579 gr„
553 5516 583 5565 oi
597 5529 635 5572 err,
651 5529 707 5581 poe
720 5516 840 5567 oiolrrrter
853 5528 876 5568 et
893 5517 942 5569 ini·
997 5513 1142 5570 blareatidc
1164 5515 1244 5570 muita
1270 5515 1359 5583 inique
1381 5523 1473 5567 corrtra
1496 5513 1670 5568 Athanasium
1692 5530 1782 5584 gesse-

154 5593 206 5647 que
218 5590 345 5647 perierunt
359 5583 385 5633 irr
399 5581 556 5636 Alesnrrdrio
573 5591 596 5636 et
615 5583 742 5637 llorrota.
759 5585 788 5637 Ιιι
805 5586 875 5639 enim
889 5594 942 5640 trus
997 5595 1074 5650 runt,
1091 5586 1227 5657 turbisque
1242 5597 1268 5640 et
1283 5583 1446 5655 gratissimis
1461 5584 1591 5639 scandalis
1613 5591 1783 5642 oceaspineur

155 5649 274 5718 episcopi
289 5651 378 5705 Ariani
391 5666 451 5705 cum
464 5651 522 5705 atis
534 5653 618 5708 tribus
626 5653 680 5722 jam
693 5655 825 5709 deiunctis
837 5675 849 5705 a
860 5655 942 5724 Tyrio
996 5657 1105 5710 dedere.

156 5717 334 5776 tttnciliabulo
356 5723 429 5777 missi
453 5722 479 5777 in
503 5722 662 5790 AEgyptum.
686 5725 853 5779 Alexandria
873 5737 900 5779 et
916 5726 944 5778 in
