4000 6175
150 261 188 319 itt
358 261 471 319 cobet
491 262 654 325 CANONUH
673 263 812 323 scetes.
833 263 877 320 et
895 262 1185 323 substiterent!
1202 263 1232 320 S.
1252 263 1349 322 stbts
1367 264 1541 323 apostot-
1706 264 1758 321 sss

145 375 241 429 uarietas
264 374 305 429 rel
320 372 528 445 &trentesiste
543 389 593 433 nec
611 375 742 431 ecclesias
757 388 808 430 nec
829 388 921 430 morta·
934 374 1089 445 Aiustnudi
1105 376 1203 431 babere
1216 375 1336 433 libraret
1348 376 1478 447 sacrilega
1491 377 1650 447 sciptoruut
1664 377 1758 435 audeat

142 463 213 523 steria
236 463 288 519 sibi
303 471 316 499 ⁸
330 466 510 532 constituant;
531 480 712 538 parasynaxes
733 473 762 522 et
780 465 918 522 consenti·
964 467 1136 522 moninrenta
1157 482 1277 523 serrare.
1300 467 1376 536 Quod
1396 467 1419 523 si
1433 467 1480 538 qul
1502 467 1528 523 in
1543 466 1585 522 bis
1603 468 1759 525 criminibus

141 557 192 611 tela
205 562 261 609 tam
276 553 371 610 dinrm
385 570 465 625 quam
480 564 610 613 nocturna
623 571 676 610 tion
690 554 861 623 contrabant,
876 570 923 611 ne·
973 556 1072 613 luerint
1090 557 1267 629 deprehensi,
1283 569 1410 630 perpetua
1433 558 1618 628 deportatione
1631 558 1759 615 damnen-

140 661 186 717 tpre
198 647 232 700 ad
246 645 368 715 domum,
390 661 478 718 neqtre
491 647 524 703 ad
540 649 738 717 possessionem
755 648 922 718 cuiusquam,
974 658 1026 703 tnr.
1043 650 1096 704 Eos
1115 663 1177 705 sero
1199 650 1245 719 qui
1266 650 1388 707 discendi
1408 651 1497 706 stadio
1509 649 1644 707 audierint
1663 650 1698 707 de
1720 651 1760 705 in-

140 758 222 813 teque
240 742 276 799 ad
298 744 501 809 monasterium,
517 743 559 799 rei
578 742 611 799 ad
630 742 841 814 quemeunqrmb
856 742 923 799 alte·
974 737 1058 791 iausta
1073 737 1169 792 lateresi
1183 737 1464 808 disperantes,decem
1484 742 1611 797 librarum
1631 743 1688 797 anri
1702 757 1762 810 qun

140 850 194 891 rum
208 835 297 893 lecum
310 836 449 905 operaturi
463 843 543 892 secta
558 835 747 893 inaminatum
760 849 924 906 congregen-
975 825 1040 883 lusco
1053 836 1144 883 inostro
1157 827 1303 884 itrlerendae
1320 838 1399 895 sctit,
1411 830 1537 900 jubemus
1551 831 1640 886 subire
1654 831 1762 901 dispen-

112 970 115 977 ,
141 936 192 982 tur.
206 928 283 995 Quod
301 927 324 982 si
348 925 472 993 iecerint,
491 935 519 981 et
537 924 589 982 lanc
604 925 703 981 metum
718 923 800 981 luisse
815 924 925 980 dominio
975 916 1059 972 diurn
1077 916 1176 974 Omnes
1200 932 1264 973 reru
1278 917 1429 988 hujusmodi
1455 920 1556 975 cltartae
1580 934 1612 975 ac
1634 918 1696 974 libri
1716 935 1761 989 unt

45 994 47 1045 i
143 1020 241 1076 taleme
263 1020 425 1085 constiterit,
449 1025 510 1087 post
527 1033 584 1073 reta
608 1016 638 1072 in
659 1016 784 1072 examina
799 1026 811 1055 ·
824 1016 933 1086 iudicis⁴
975 1006 1109 1065 iunmtum
1137 1007 1309 1079 Eutyebetis,
1329 1008 1379 1064 boe
1401 1018 1444 1067 cst
1471 1008 1642 1080 Apollinaris,
1664 1009 1763 1065 inerint

45 1100 46 1131 ³
144 1111 321 1180 approbarem,
332 1109 430 1164 drtmus
441 1108 483 1163 rel
497 1109 631 1177 possesne
646 1109 735 1177 inqua
748 1108 927 1163 convenerint
975 1100 1073 1168 dogma
1087 1100 1234 1169 complexi,
1255 1098 1378 1155 incendio
1399 1112 1625 1185 concrementur:
1646 1112 1675 1157 ut
1697 1101 1763 1156 luci·

147 1202 202 1257 isca
214 1201 272 1256 sine
285 1199 415 1257 dilatione
430 1198 563 1266 sociatam
577 1199 774 1257 monasterium
789 1215 854 1256 rere
867 1200 926 1270 ejus
976 1208 1081 1248 norbae
1101 1191 1282 1262 perversitatis
1297 1193 1406 1266 uestigia
1428 1194 1484 1265 ipsa
1508 1194 1622 1250 llamrnis
1642 1194 1762 1250 artubusta

57 1352 62 1361 ,
148 1290 249 1347 unitatis
260 1290 422 1345 ortbodoxae
433 1289 561 1345 Ecclesiae
570 1292 596 1347 in
604 1290 682 1359 cuius
693 1290 927 1361 territeriuestJu·
977 1286 1131 1371 depereant.
1148 1285 1266 1354 AEquum
1286 1300 1400 1356 rrarnquc
1414 1295 1456 1341 est
1470 1296 1499 1342 ut
1512 1286 1703 1342 immanissima
1718 1303 1763 1343 sa-

150 1380 228 1437 ltemus
234 1378 369 1437 estiensi
378 1393 441 1435 uero
447 1379 711 1449 ignorantedominm
719 1379 820 1439 edente
826 1395 927 1437 rernm
977 1377 1084 1447 criiegia
1093 1391 1141 1447 par
1150 1391 1235 1447 poenae
1247 1376 1401 1448 magnitudo
1409 1376 1547 1447 percellat,
1557 1374 1656 1431 Palladi
1669 1391 1764 1446 parens

45 1450 49 1473 ³
151 1470 186 1541 atti
195 1466 458 1539 mnslonesldomm
468 1470 560 1540 anteit,
571 1470 613 1525 rel
625 1470 797 1537 conductore,
810 1472 851 1527 rel
864 1488 927 1540 pre·
978 1469 1135 1525 charissime
1160 1478 1240 1539 atque
1268 1470 1461 1524 amantissime.
1492 1467 1606 1523 illustris
1634 1467 1713 1538 igitur
1739 1480 1765 1525 et
1816 1536 1820 1543 .

152 1569 271 1625 tantors,
282 1559 324 1615 uel
340 1567 432 1615 actore
448 1560 550 1628 praedii,
564 1574 743 1631 parasynaxes
755 1571 782 1617 et
794 1562 929 1618 conuenti-
979 1559 1118 1631 magnilica
1131 1562 1276 1616 aucteritas
1287 1570 1347 1625 tua,
1361 1575 1420 1630 qua
1440 1561 1490 1615 bac
1510 1559 1689 1617 sacratissima
1703 1576 1767 1616 con·

152 1651 530 1723 cu¹aintcrdictacolleperint;
542 1653 927 1725 conductor,relprocurator,
979 1651 1118 1708 stitutione
1140 1650 1221 1724 246
1237 1651 1416 1718 decrevimus,
1429 1651 1455 1705 in
1475 1650 1525 1707 hac
1548 1651 1619 1707 alma
1638 1652 1713 1721 urbe,
1728 1652 1768 1707 di·

45 1712 53 1746 q
152 1747 289 1811 dreactor,
300 1746 532 1816 sewqutcnnqne
541 1757 594 1811 est,
606 1746 686 1816 quiin
697 1746 787 1813 demo,
795 1747 852 1803 sire
864 1763 926 1818 pus·
941 1739 965 1802 B
979 1742 1117 1811 uersisque
1138 1742 1296 1813 provinciis,
1316 1756 1349 1797 ac
1375 1743 1509 1813 praecipue
1534 1743 1559 1798 in
1588 1741 1767 1799 Alexandrina

45 1832 49 1903 j
152 1835 322 1903 cardonetum
338 1838 559 1892 monasterioeos
572 1838 926 1907 receperit,etnarsnslne·
978 1836 1101 1902 civitate,
1122 1844 1151 1891 et
1176 1851 1224 1906 per
1246 1835 1398 1893 universam
1421 1833 1605 1907 AEgyptiacam
1630 1837 1767 1894 dimersim

45 1922 53 1999 Q,
153 1929 182 1984 rit
197 1928 300 1984 illicitas
320 1943 501 2001 parasynaxes
519 1939 721 2002 conventusque
743 1932 887 1999 celebrari,
904 1933 927 1987 si
978 1924 1074 1983 edictis
1093 1941 1127 1981 et
1145 1940 1221 1982 mute
1236 1924 1391 1996 propositis,
1406 1926 1440 1981 ad
1454 1928 1573 1982 eternium
1587 1929 1709 1985 notitiam
1727 1928 1767 1983 ia·

45 2008 47 2085 ᾗ
153 2018 203 2073 ritis
226 2018 387 2074 conditionis
404 2027 447 2075 est
463 2029 492 2075 et
512 2019 640 2090 abjecte,
666 2020 778 2076 lesttbns
802 2022 926 2092 publice,
978 2018 1032 2072 ciat
1047 2015 1209 2087 pett‘euirc:
1226 2025 1361 2072 utcnncta
1382 2032 1462 2087 qnam
1484 2018 1649 2074 smtnlmnsi
1669 2019 1768 2091 eisqui

45 2094 55 2189 ⁵,
153 2112 213 2167 etin
227 2125 331 2182 poenam
346 2126 432 2177 suam,
446 2120 474 2167 et
489 2111 517 2168 in
531 2111 645 2168 aliorum
659 2122 817 2169 coerceatur
837 2128 928 2169 erem·
979 2109 1019 2166 rei
1034 2108 1131 2164 luerint
1153 2107 1328 2178 deprehensi,
1347 2107 1476 2164 severitas
1497 2110 1619 2180 protinus
1637 2125 1768 2167 exercea-

153 2202 230 2271 plum;
244 2201 324 2275 2145
338 2201 360 2256 si
381 2217 445 2257 rere
464 2203 582 2257 banestre
600 2217 723 2272 personae
739 2212 817 2271 sunt,
833 2201 927 2259 decem
980 2208 1046 2255 tur:
1067 2200 1214 2257 scientibus
1238 2200 1452 2258 moderatoribus
1476 2200 1693 2271 prouinciarum,
1720 2218 1767 2256 en·

51 2354 62 2379 ,¹
155 2291 223 2347 libras
235 2294 293 2348 auri
309 2295 416 2347 inuictae
429 2293 537 2349 neminie
554 2292 619 2348 lisca
632 2302 724 2349 nostro
745 2302 874 2364 cogantur
888 2293 930 2348 in·
980 2306 1091 2361 rumque
1103 2292 1311 2362 apparitoribus,
1322 2292 1507 2348 defensoribus
1518 2291 1599 2349 etiam
1614 2294 1767 2358 ciuitatum,

154 2382 223 2439 terre.
236 2383 339 2438 uultum
353 2392 482 2455 praeterea
497 2381 712 2454 Apollinaristam
727 2383 768 2437 rel
784 2383 928 2456 Eutychia·
978 2382 1049 2454 ettad
1064 2383 1086 2438 si
1101 2397 1132 2437 ea
1146 2397 1206 2453 qum
1220 2381 1287 2453 legis
1308 2383 1387 2454 lutjus
1408 2382 1610 2456 religiosissima
1630 2387 1768 2441 sanctinus

153 2474 239 2529 tristam
251 2475 283 2531 ad
299 2475 417 2545 aliquam
430 2476 554 2546 jubemus
565 2479 685 2549 aspirare
698 2475 836 2547 militiam,
851 2475 862 2516 ί
878 2476 930 2534 nisi
978 2472 1152 2530 custodienda
1166 2473 1349 2543 decrevimus,
1363 2483 1410 2528 aut
1425 2474 1606 2543 incusserint,
1622 2484 1667 2529 aut
1679 2474 1768 2545 aliena

152 2566 181 2620 td
192 2568 391 2623 cohortilianam
410 2567 452 2623 rel
470 2568 644 2626 limitaneam.
663 2568 691 2625 Si
706 2568 752 2640 ptri
773 2584 837 2627 uero
854 2580 929 2626 extra
981 2564 1156 2635 permiserint
1179 2565 1329 2621 temeritate
1353 2564 1462 2632 uiolari,
1487 2564 1616 2620 densarum
1640 2565 1768 2621 librarum

55 2654 56 2659 ’
153 2658 342 2712 mltortllimam
361 2658 403 2714 tei
423 2659 587 2714 limitaneam
611 2658 712 2715 inventi
735 2659 835 2716 luerint
859 2660 930 2717 rnili-
979 2656 1039 2712 auri
1054 2656 1180 2712 mulctam
1196 2655 1261 2712 fisce
1280 2666 1374 2713 nostro
1388 2665 1519 2727 cogeretur
1532 2656 1647 2724 inlerrc,
1662 2655 1715 2712 ket
1729 2658 1769 2711 in·

154 2756 214 2812 tare,
226 2748 313 2803 soluto
328 2747 448 2818 cingulo,
463 2748 636 2804 bonestorum
651 2748 788 2806 bominum
799 2759 827 2807 et
839 2750 929 2822 palatii
979 2765 1061 2821 snper
1079 2749 1285 2805 existimationis
1301 2763 1356 2805 sure
1371 2747 1515 2820 periculum
1533 2748 1713 2804 sustinebunt.
1731 2750 1768 2807 Ea

152 2839 326 2896 communione
341 2843 494 2910 prirentnr;
513 2849 589 2896 tnec
601 2841 627 2896 iu
644 2840 694 2896 alia
714 2856 793 2912 quarn
808 2844 835 2899 in
856 2859 888 2899 ca
902 2842 929 2899 in
979 2859 1086 2915 quoque
1100 2841 1109 2881 ¹
1124 2859 1183 2916 quae
1196 2844 1229 2900 de
1242 2844 1351 2914 paganis
1365 2858 1412 2913 per
1424 2858 1504 2899 omne
1518 2843 1666 2898 llomanum
1681 2840 1768 2912 impe-

152 2946 197 3001 pua
210 2931 260 2986 nali
279 2943 342 2987 sunt
356 2930 475 2997 ciuitate,
491 2932 532 2988 uel
546 2932 605 2987 rico
619 2947 650 2987 ac
661 2933 928 3002 regioncrerseutur.
980 2936 1049 2990 rium
1065 2936 1176 2990 valitura
1193 2936 1333 3006 aqualiter
1346 2935 1519 3006 perennitatis
1534 2945 1633 2989 nostre
1647 2934 1705 3005 lege
1719 2934 1767 2988 dc·

152 3019 228 3095 Siqui
240 3036 303 3077 raro
321 3019 349 3076 in
363 3020 413 3076 bac
426 3021 496 3077 alma
515 3022 581 3077 arbe
599 3023 653 3077 nati
667 3033 747 3094 tutu,
767 3033 820 3079 tarn
839 3039 930 3080 sacra·
981 3031 1131 3097 crevimus,
1157 3028 1185 3084 in
1212 3044 1260 3086 cos
1286 3026 1479 3086 instantissime
1503 3037 1678 3083 exerceantur
1701 3041 1769 3099 qnos

152 3112 244 3170 tbtimo
255 3115 383 3171 comitatu
402 3130 481 3185 otram
503 3115 575 3171 onrni
590 3132 638 3187 per
656 3117 808 3187 prouincias
825 3127 926 3175 ntetro·
941 3100 965 3164 C
979 3119 1266 3192 constiteritproianes
1277 3121 1345 3176 ritus
1355 3119 1597 3176 acsiutulaerurmn
1612 3118 1769 3189 impioscul·

151 3207 247 3278 politica
256 3208 365 3264 ciuitate
374 3207 592 3277 pellantur.ilulli
601 3209 710 3281 iusuper
718 3208 928 3286 Eutychianistt'e
979 3223 1032 3280 tus,
1044 3221 1072 3269 et
1082 3213 1221 3268 interdicta
1235 3211 1285 3267 sibi
1299 3210 1437 3282 sacrilegia
1449 3210 1596 3266 celebrare.
1608 3209 1672 3265 tiata
1682 3217 1702 3246 ¹¹¹
1714 3207 1769 3266 kal.

45 3281 47 3302 '
153 3298 188 3352 rel
200 3299 392 3368 apollinaristae
406 3297 511 3367 publice
525 3298 568 3354 rel
584 3298 706 3368 priuatim
717 3300 863 3356 advocandi
873 3316 928 3356 coe·
979 3301 1061 3373 llum,
1073 3300 1314 3371 Constantinopoli,
1333 3300 1398 3356 dire
1412 3299 1598 3355 Valentiniano
1610 3299 1729 3370 bugrtsto
1743 3306 1769 3353 et

152 3393 190 3442 tat
202 3400 225 3444 et
238 3389 352 3445 circulos
365 3388 558 3454 contrahendi,
578 3387 593 3427 ¹²
606 3401 633 3446 et
645 3391 678 3446 de
695 3391 821 3448 lraeretico
835 3407 928 3449 errore
980 3393 1113 3451 sntiremo
1123 3393 1181 3448 siro
1191 3392 1338 3448 clarissimo
1348 3390 1512 3447 consulibus.

45 3475 47 3546 ξ
151 3476 302 3550 disputandi,
316 3495 349 3536 ac
366 3481 567 3550 peruersitatem
583 3479 726 3537 facinerosi
739 3482 871 3552 dogmatis
884 3498 928 3538 as·
1219 3499 1414 3558 mersum!
1434 3499 1534 3555 xxix.

152 3570 262 3639 mnndi,
277 3570 407 3626 tribuatur
421 3569 543 3627 iacuitas.
562 3570 632 3627 Nulli
647 3573 728 3627 etiam
741 3580 833 3628 contra
847 3587 930 3629 renc-
979 3604 993 3633 n
1007 3594 1126 3666 Epium
1143 3593 1279 3648 mame,
1293 3591 1383 3647 Serme
1398 3591 1519 3661 „mad
1542 3589 1685 3644 gemerem„
1701 3591 1767 3645 pas.

45 3697 47 3730 Β
151 3660 253 3716 rabilem
267 3659 513 3716 chalcedonensem
527 3660 658 3733 synodum
675 3662 753 3717 liceat
768 3663 868 3733 aliquid
886 3664 927 3720 rcl
1081 3679 1243 3718 roccuerneur
1255 3663 1416 3733 episcopam,
1426 3669 1438 3696 ⁰
1450 3662 1496 3714 rub
1509 3660 1591 3713 ritualia
1606 3676 1659 3714 rrr.

46 3765 47 3770 ¹
152 3747 252 3816 dictare,
264 3752 305 3806 rel
320 3751 448 3816 scribere,
464 3750 505 3805 rel
519 3751 599 3807 edere
614 3761 692 3823 atque
705 3753 839 3820 emittere,
858 3752 867 3791 ¹
883 3763 930 3810 aut
1057 3753 1172 3809 Stntctus
1188 3763 1200 3803 t
1216 3752 1331 3808 lltttstuo
1346 3749 1540 3807 Tarraconensi
1552 3752 1687 3821 episcopo.

150 3839 251 3894 aliorum
270 3855 351 3910 super
365 3840 458 3895 eadem
482 3839 610 3911 rescripta
632 3842 767 3913 prolerre,
783 3858 863 3899 nemo
877 3844 929 3900 bu·
1015 3845 1120 3902 birecta
1139 3837 1356 3900 ad'decessorem
1381 3855 1502 3899 nostrum
1525 3850 1626 3898 sanctae
1643 3844 1769 3900 recorda»

182 3977 283 4034 *crab
306 3993 367 4034 cunt
387 3991 452 4033 mss.
472 3976 534 4037 Vct.
551 3977 626 4048 flitp.
649 3988 677 4035 el
696 3978 741 4047 lm,
765 3989 923 4036 construunt.
1013 3984 1194 4040 ⁸Crab.cum
1205 3980 1268 4037 ilat.
1280 3980 1360 4050 ists,
1374 3996 1419 4034 nec
1431 3980 1458 4034 iu
1470 3979 1573 4050 aliqum
1589 3988 1616 4036 el
1631 3980 1768 4051 aliquarum

55 4101 56 4108 ,
149 4045 203 4102 lios
218 4050 241 4102 bi
255 4048 333 4104 codd.
349 4064 409 4102 runt
425 4048 514 4118 lieri,
536 4065 617 4117 neque
630 4065 741 4120 spueret
758 4059 783 4104 et
795 4052 922 4106 conuenti-
977 4066 1038 4125 post
1051 4053 1260 4123 ructrepoiitnun.

56 4125 58 4186 ζ
149 4121 212 4172 rste.
224 4118 530 4189 Quesn.‚pnrntynneea,
541 4118 569 4171 id
587 4128 624 4173 cst
639 4121 823 4175 conuentionis.
834 4121 925 4176 Secuti
1012 4122 1132 4192 terat,
1152 4134 1179 4179 rt
1198 4123 1316 4176 haeretico
1334 4135 1406 4176 more
1424 4121 1584 4191 disputandi.
1608 4119 1690 4185 Mur,
1720 4136 1771 4189 pro

149 4187 321 4243 sctrrnsCrab.
338 4197 365 4242 et
378 4202 442 4243 mss.
456 4187 560 4242 Titiam.
573 4203 605 4244 ac
614 4188 706 4255 lind„
720 4190 845 4246 similiter
854 4194 925 4246 enirn
977 4195 1105 4267 dopmntt‘r
1114 4195 1174 4249 cod.
1185 4192 1275 4247 exin.
1289 4192 1369 4246 babet
1379 4195 1474 4246 erroris
1483 4208 1493 4257 ,-
1502 4205 1549 4256 nro
1557 4192 1686 4246 moerendi
1695 4194 1768 4246 sulus

149 4258 220 4324 paulo
230 4265 288 4327 pust
298 4258 367 4326 apud
381 4269 474 4312 omues
488 4259 592 4328 legitur.
977 4267 1079 4334 Q-resn.
1091 4264 1238 4327 mouendi:
1251 4271 1278 4316 et
1298 4275 1346 4330 pro
1359 4264 1486 4316 trauntur
1499 4262 1580 4317 Crab.
1599 4264 1631 4315 tit
1647 4261 1769 4331 incubus.

181 4325 272 4382 bt‘ud.
285 4326 377 4388 lind..
391 4327 529 4382 etenum.
543 4328 635 4389 crab..
647 4330 763 4385 oderint.
781 4330 845 4386 llein
856 4329 925 4387 idern
1018 4333 1026 4373 ί
1042 4335 1095 4392 Sex
1113 4344 1256 4405 sequentes
1273 4346 1353 4386 noces
1370 4336 1530 4387 omittuntur
1546 4346 1561 4385 a
1577 4333 1687 4386 ilarl'mo
1704 4348 1766 4386 curn

57 4393 58 4434 ἓ
149 4394 292 4452 traintem
315 4397 390 4466 ilisp,
405 4408 431 4452 et
444 4397 494 4452 leid
510 4437 519 4465 ,
533 4407 687 4465 operclum.
701 4401 814 4468 Quem„
833 4417 924 4471 operu-
942 4395 1051 4461 brar..
1063 4402 1243 4473 liispmclsid.
1254 4401 1311 4457 llos
1321 4403 1347 4454 in
1356 4400 1417 4457 Vas.
1426 4401 1766 4471 ibibrcscriptaronierrr.

56 4489 57 4510 2
149 4470 193 4518 turi
206 4477 277 4522 amite
296 4467 474 4536 {mestissime
496 4467 625 4537 tloprnotc.
647 4470 797 4526 belesitnus
815 4472 925 4526 ueritum
1017 4476 1025 4526 i
1044 4475 1105 4530 iat.
1121 4474 1201 4539 ists,
1212 4474 1238 4526 in
1249 4473 1285 4526 eir
1295 4468 1385 4540 sliat,
1396 4472 1471 4543 llisp.
1486 4483 1513 4528 ct
1527 4472 1562 4528 ls.
1577 4487 1638 4528 ctrttr
1650 4473 1766 4542 cnuto,

148 4535 327 4607 memoramur
336 4536 546 4592 otrinibnscodd.
555 4540 733 4620 etrulp.;ncc
745 4542 925 4596 necessarium
978 4547 1006 4600 in
1020 4562 1073 4601 eor.

148 4619 193 4673 αι,
201 4608 222 4660 si
230 4621 309 4663 nuces
318 4617 392 4661 sector
399 4607 578 4678 [annianum
589 4620 668 4678 tertio
676 4611 925 4678 rasuacrlptamm.
1016 4616 1029 4654 ¹
1044 4613 1137 4682 crab,
1152 4615 1257 4684 insuper
1271 4611 1358 4668 etiem.
1772 4641 1775 4652 ·

180 4678 244 4734 tSic
255 4676 347 4743 lind..
362 4676 423 4732 liat.
436 4686 464 4733 et
476 4678 556 4733 Crab.
568 4678 736 4750 Quaerenda,
748 4681 853 4752 judieii.
1017 4684 1026 4724 ¹
1040 4687 1140 4753 Quesn.
1159 4684 1228 4738 delet
1242 4699 1308 4750 otte,
1326 4692 1353 4736 et
1365 4691 1457 4752 postea
1468 4681 1550 4737 edidit
1570 4692 1598 4736 nt
1610 4683 1638 4736 iu
1648 4697 1702 4736 cor.
1715 4682 1767 4736 lbe-

177 4744 301 4812 ὄθιοιι.ἱ
316 4748 425 4802 domini.
980 4756 1094 4811 levirnns
1104 4764 1131 4808 nt
1144 4768 1204 4809 curn
1225 4769 1291 4808 russ.
1301 4752 1381 4808 llintl.
1397 4763 1425 4809 et
1437 4752 1498 4807 ilat.
1516 4750 1595 4814 teat,
1611 4767 1643 4807 ac
1657 4755 1770 4821 preinde

179 4820 295 4885 ‘Crab.,
310 4820 453 4888 quicunque
476 4833 517 4872 ras
536 4818 563 4871 in
575 4818 676 4885 dentur,
697 4819 737 4873 rel
749 4819 775 4873 in
788 4823 926 4888 pessaria·
979 4839 1048 4893 opus
1058 4822 1557 4892 initinsererecumcurnCrabetllat.
1568 4821 1641 4893 llisp.
1661 4822 1767 4879 aclsitl.

145 4901 213 4955 bem.
235 4893 275 4942 Μ
288 4888 473 4942 mummium
496 4891 652 4970 receperint,
674 4904 705 4942 αθ
725 4894 794 4961 pasti
817 4890 924 4959 fuerint.
1011 4906 1031 4934 ὓ
1046 4895 1107 4952 Vat.
1123 4898 1196 4964 liisp.
1213 4907 1240 4949 et
1252 4895 1286 4948 ts.
1302 4909 1362 4949 cnut
1377 4893 1495 4961 Crabbo,
1507 4894 1553 4947 rub
1566 4894 1607 4946 tlic
1619 4895 1671 4948 ital.
1684 4895 1765 4965 Aue..

51 4989 53 5006 .
145 4955 221 5012 Yutd.
235 4957 372 5028 quoqueit
391 4956 434 5012 bet
449 4970 597 5026 receperunt,
612 4974 642 5012 ac
653 4959 722 5025 porti
736 4960 842 5029 [eniel.
976 4966 1209 5036 Constantinopoli,
1226 4966 1284 5019 dieu
1303 4964 1394 5037 (drab.
1411 4965 1484 5019 addit
1509 4962 1698 5024 Valentiniano)
1722 4979 1765 5016 tur

179 5024 302 5095 ‘Quem
316 5027 433 5095 prmllxis
455 5027 557 5083 duobus
572 5032 677 5095 paractis
695 5031 815 5097 renuitur
829 5030 867 5084 sic
879 5044 887 5085 ε
901 5042 924 5086 ct
975 5045 999 5090 et
1024 5037 1168 5101 Anrritenuo,
1191 5046 1242 5090 etc.
1261 5036 1329 5089 liuta
1344 5050 1388 5091 rstr
1412 5037 1574 5101 necesaria,
1599 5033 1767 5089 ctursulattutt

50 5097 51 5100 ’
143 5094 191 5148 triti
204 5097 396 5151 cobortiiinncnt
415 5101 454 5150 tel
469 5098 623 5151 limitaneam
636 5099 730 5153 inuenti
743 5100 799 5168 incr
810 5110 853 5167 nt,
868 5110 922 5155 rte.
975 5107 1096 5175 designat
1111 5109 1173 5160 anni
1186 5107 1249 5161 sss.

48 5203 49 5208 η
142 5162 209 5218 llud.
223 5166 537 5236 violentarumque
554 5167 643 5222 deleto
661 5172 778 5234 apertior
790 5181 831 5225 est
847 5168 939 5239 tnrjus'
1012 5186 1026 5213 π
1041 5178 1132 5229 br-tat
1147 5180 1173 5229 tn
1193 5191 1258 5228 triss.
1280 5174 1445 5229 reiectionis
1465 5174 1613 5242 presentis.
1630 5169 1691 5224 Vnt.
1714 5168 1765 5224 ilc·

46 5275 47 5282 .
144 5233 327 5290 locideiectus
345 5236 613 5293 etsaltusontoccs
629 5238 821 5294 cuitcrtiiianum
837 5243 874 5294 rel
890 5243 924 5294 li·
975 5240 1764 5313 girraetss'i,Galbianae-netellam15t2‚c0rbeierrsit,

142 5306 275 5359 mmmmm
290 5309 417 5372 repetitas
438 5308 464 5361 in
484 5307 587 5377 integro
603 5315 676 5362 textu
694 5326 773 5379 queat
789 5312 925 5379 suppleti·
979 5317 1008 5370 tli
1021 5331 1055 5369 m.
1072 5314 1160 5381 liisp.,
1177 5312 1304 5368 liatlriau.
1320 5327 1346 5365 et
1363 5316 1426 5366 istd.

143 5388 202 5428 ritus
214 5392 248 5430 ex
260 5391 325 5430 mss.
335 5375 396 5429 Vnt.
407 5377 480 5446 Hisp.
495 5386 522 5430 et
538 5378 609 5436 isid..
623 5390 702 5446 atque
717 5382 839 5435 llerliun.
851 5381 922 5436 lirin·
1012 5394 1024 5421 ⁰
1038 5383 1122 5440 Voces
1132 5383 1178 5437 aab
1190 5385 1273 5437 tituiis
1284 5399 1327 5436 tut
1338 5384 1434 5438 desunt
1449 5382 1474 5437 iu
1488 5381 1549 5437 cod.
1564 5379 1657 5448 vind„
1673 5380 1764 5450 legun·

142 5443 296 5528 ciuit'etiat'sr
310 5446 442 5529 Gratulatus,
454 5448 502 5501 nisi
518 5448 588 5513 qnod
598 5447 677 5502 babet
690 5459 763 5530 extra
774 5453 923 5531 predictum
1588 5497 1590 5500 .
1669 5461 1710 5507 lut

142 5514 260 5569 maiitiam
272 5525 364 5570 tnueutt
376 5520 482 5585 [uertant.
502 5517 589 5573 Onon.
620 5519 857 5573 recolorationem
876 5524 923 5572 lm·

47 5585 53 5602 “
142 5580 188 5638 bet
213 5587 339 5641 trrmrtlusa
356 5588 569 5641 cremationem.
596 5534 687 5654 gub,
711 5590 922 5644 caltortnlitiunt:
1012 5587 1759 5660 roellamenddmumlatlteglnaetessellatis-tt

53 5721 58 5738 Ι
143 5657 238 5712 illelius
252 5659 389 5725 trlrubiqtte
403 5656 429 5710 in
445 5655 506 5710 Vai.
522 5657 596 5736 Hisp.
616 5667 644 5715 sl
661 5657 708 5725 lb,
723 5661 922 5715 eutrortuliumn.
975 5650 1078 5716 llierio.

262 5749 398 5812 Parnon.
422 5750 500 5812 tlt.
648 5825 651 5832 .
734 5753 743 5774 ⁸
1135 5781 1137 5787 .
1160 5778 1175 5790 „
1204 5768 1209 5790 ¹
1651 5751 1699 5824 iii·
1729 5769 1736 5784 ⁴
