4000 6175
227 269 296 329 {059
692 268 738 319 ott
757 263 868 318 iil‘lilla
888 261 917 317 S.
940 259 1062 317 leuues
1080 257 1184 316 lleNl
1205 211 1411 315 riveriolis
1797 258 1859 319 {cipp

225 379 420 438 hutioclreoom
445 387 597 445 episcopum
620 372 756 438 expressis
779 372 870 426 serbis
889 369 969 426 babet
991 371 1017 424 in
1036 375 1056 432 Α
1072 371 1216 422 direxeram
1231 384 1239 421 :
1256 369 1408 438 tuojudiciu
1421 369 1597 439 derelinquens
1608 387 1618 426 .·
1631 369 1803 424 iudicaremur
1805 410 1859 428 .....

225 462 340 522 utroque
354 459 448 508 nostro
460 446 553 499 codice
567 461 630 507 ιιιι.,
652 444 761 497 diuinum
781 457 862 497 urnae
882 451 1016 507 removet,
1073 457 1111 495 nie
1133 450 1307 492 courmotnor:
1323 440 1492 508 postmodnm
1514 456 1579 494 uero
1593 441 1705 494 alteram
1730 441 1796 495 hanc
1805 442 1861 511 epi·

224 523 295 588 qumi
309 537 342 576 cs
362 517 555 583 antonionum
571 524 627 568 lunt
642 511 822 567 conciliorum
840 511 1016 574 editionibus,
1070 514 1166 564 stolam
1182 523 1424 563 currrrnruroransa
1439 510 1609 577 pluribusve!
1626 511 1741 579 plurium
1757 514 1860 567 ttotltitte

224 602 279 646 tnru
291 589 442 644 'lirendoriti
455 585 621 640 versionibus
635 585 706 637 nasi-i
719 583 860 636 ιιιιιιιιιιιι
873 600 880 635 :
894 582 938 636 uhi
951 582 1019 636 Pau·
1070 580 1198 648 scriptam
1213 579 1387 642 eamindicat,
1402 595 1462 634 ιιιιιι
1475 582 1513 634 sit
1526 597 1533 635 ι
1549 580 1860 636 llisinmsrnolrismriori

225 665 297 717 linus
310 657 556 714 Thessalonicensis
570 655 712 721 episcopos
725 653 873 722 legebatur.
1070 667 1096 704 sc
1112 651 1204 703 illinus
1220 690 1228 710 ,
1251 665 1388 703 currsensns
1414 661 1510 703 uester.
1530 650 1563 705 Et
1577 666 1672 707 reuera
1688 651 1753 704 nihil
1769 651 1859 719 liujus·

259 730 410 786 Formularo
434 735 522 780 autern
546 727 606 778 llilei
627 740 678 778 riuti
703 739 764 777 eum
793 721 906 789 epistula
931 722 1010 776 simul
1072 721 1142 774 modi
1158 735 1248 774 rernm
1259 720 1319 774 sine
1331 720 1435 789 syrrntlo
1453 736 1533 787 apere
1547 729 1743 775 consumserunt
1757 723 1860 787 pontili-

224 803 334 855 missam
349 812 434 852 essee
450 795 564 850 Damaso
583 810 637 849 ιιιιι
649 795 754 854 dubito,
775 807 806 846 ac
824 793 935 860 prurude
948 793 1018 846 alte·
1069 805 1114 845 ces
1126 788 1259 843 bomani:
1275 805 1355 858 quaro
1370 790 1592 845 consuetudinem
1608 793 1721 846 mollum
1735 793 1862 846 intererat

224 888 280 925 ram
294 872 328 923 ab
342 872 426 922 altera
442 882 494 920 ιιοιι
509 879 579 927 esse,
594 875 623 918 ut
637 865 766 919 hacteuus
783 862 881 916 laetum
896 870 957 928 est,
972 876 1017 916 se·
1070 864 1119 914 bac
1133 862 1160 913 lu
1174 859 1316 914 occasione
1339 875 1394 913 non
1405 861 1520 928 uiolari,
1537 861 1563 915 io
1579 861 1657 926 lariti,
1672 862 1792 931 inquom,
1806 878 1862 916 uro-

224 940 380 1010 parandom.
396 938 451 992 lloe
464 938 579 1006 priorum
595 934 737 1004 persuadet
762 933 863 987 codicis
877 932 1017 1001 utriusque
1070 931 1152 986 menti
1173 930 1294 999 negotio,
1314 931 1384 998 qnod
1402 930 1480 986 lidum
1492 932 1790 996 conimouemquelidei
1803 948 1849 997 pro

222 1015 305 1065 oosrri
320 1012 478 1073 auctoritas,
494 1009 538 1076 qni
555 1021 608 1058 nou
623 1004 703 1059 morlo
716 1019 795 1059 unam
807 1002 884 1056 alteri
896 1004 1018 1071 proxime
1071 1000 1212 1072 lessionem
1226 999 1396 1060 ariioebamu
1411 1015 1465 1069 qno
1478 1003 1576 1056 merito
1588 1003 1734 1057 timendum
1749 1013 1808 1058 erat
1823 1002 1859 1068 lo)

223 1082 333 1137 ιιιιιιιιι.
350 1078 397 1133 sed
421 1088 448 1132 et
461 1075 661 1143 utramquesub
677 1090 728 1128 irno
740 1077 888 1140 eodemque
900 1075 1018 1139 capitolo
1070 1086 1104 1126 nc
1122 1070 1271 1124 orientales
1295 1068 1511 1126 (incidentalibus
1532 1072 1612 1140 paulo
1633 1074 1779 1140 iniquiores
1801 1072 1860 1127 lidii

221 1140 472 1216 representantur
493 1158 522 1200 ιιι
538 1146 649 1200 lormula
670 1146 746 1210 liuel,
773 1146 823 1197 etsi
847 1143 882 1197 ah
904 1144 1017 1207 epistola
1069 1141 1212 1195 ltirmulam
1227 1141 1388 1206 repellerent
1403 1157 1482 1207 quiam
1499 1158 1553 1196 unu
1568 1143 1758 1212 cognovissent
1769 1159 1862 1199 unstre-

222 1223 349 1275 rlistiuela
366 1222 410 1284 sit,
433 1218 470 1272 illi
493 1228 580 1271 tameo
596 1217 677 1270 velini
698 1229 761 1283 pars
775 1211 896 1282 quadam
912 1213 1016 1281 alligari
1069 1226 1132 1266 ruso
1147 1210 1357 1265 Dccirlentalium
1372 1211 1661 1268 concilioroboralam.

222 1293 321 1347 «teliore
336 1308 350 1341 ι
362 1289 465 1344 dentur.
485 1287 513 1341 2.
536 1287 644 1342 Certum
669 1297 709 1338 est
733 1299 767 1338 ex
790 1283 874 1351 ipsius
895 1280 1017 1347 epistolar
1107 1282 1145 1335 lld
1159 1295 1238 1347 quem
1254 1294 1335 1348 porro
1348 1295 1447 1335 sunium
1462 1293 1576 1352 utraque
1590 1281 1731 1338 reserenda
1744 1283 1794 1341 sil,
1807 1299 1859 1339 uuo

220 1363 297 1417 initio
313 1376 434 1415 unacum
448 1358 560 1422 epistola
576 1358 684 1409 missam
700 1369 761 1409 esse
781 1352 924 1407 lormulam
942 1351 1014 1417 lidei,
1068 1361 1143 1405 cntra
1168 1351 1277 1404 dubium
1299 1360 1352 1407 est.
1375 1351 1404 1407 si
1427 1353 1548 1407 ordinem
1571 1369 1624 1421 quo
1647 1354 1858 1408 anathematismi

220 1448 279 1499 que
295 1430 427 1484 berenicis
441 1428 473 1481 ad
491 1426 650 1482 catholicam
674 1423 871 1478 revertentibus
896 1422 999 1476 subseri
1068 1421 1195 1488 descripti
1210 1430 1274 1475 suro
1287 1434 1301 1474 a
1315 1419 1492 1489 Theodorito,
1508 1439 1638 1477 sinuosum
1648 1425 1736 1477 ordini
1749 1440 1858 1491 respou-

221 1502 306 1556 bends
333 1507 528 1568 proponeretur
543 1511 550 1548 ε
568 1493 677 1557 Fidem,
700 1496 798 1563 iuquit,
813 1493 948 1555 misinrur,
965 1509 1016 1545 uuir
1067 1492 1133 1545 dere
1143 1499 1289 1557 constaret,
1306 1503 1409 1546 certum
1424 1504 1497 1548 esset
1511 1495 1610 1562 pariter
1625 1492 1768 1548 formulam
1793 1496 1858 1550 lrarrc

221 1584 272 1623 conr
295 1573 349 1635 tihi,
370 1573 412 1636 qni
424 1571 481 1639 ejus
494 1566 556 1636 fidei
570 1566 743 1618 comoruuimn'
755 1563 871 1627 serioris,
886 1577 961 1629 quom
977 1564 1017 1616 liis
1069 1561 1129 1614 liilei
1144 1569 1204 1626 pust
1225 1573 1324 1614 atinum
1340 1562 1389 1616 sti
1404 1561 1503 1617 editam
1527 1578 1607 1619 esse:
1623 1579 1685 1618 cum
1698 1566 1733 1618 ah
1757 1578 1858 1632 enpust

219 1644 264 1706 qai
279 1643 305 1693 in
316 1658 345 1693 ce
356 1638 538 1691 rrihscolsntes
550 1635 606 1698 till,
616 1636 644 1687 id
658 1646 695 1687 est
706 1635 778 1688 uobis
790 1648 835 1700 per
846 1643 880 1696 tc,
892 1634 1016 1686 coluerint
1067 1632 1197 1702 synodum
1213 1631 1357 1685 secontiam
1377 1634 1569 1688 oeerrouoiearn
1585 1633 1754 1699 referentum
1780 1636 1859 1688 immo

220 1712 313 1763 seriori
325 1710 415 1776 :iquod
428 1706 610 1776 proculdubio
621 1708 654 1759 de
665 1704 831 1773 proles-ioue
847 1703 906 1756 hilei
921 1704 1015 1757 distin·
1068 1709 1170 1771 ciprrst
1184 1699 1297 1755 alterum
1320 1701 1506 1772 episcoporum
1521 1703 1549 1758 io
1570 1707 1643 1774 regis
1658 1705 1727 1758 urbe
1739 1719 1857 1759 corruen-

220 1784 307 1834 eloah
322 1781 435 1847 epistola
451 1777 652 1846 intelligendum
668 1787 751 1830 seon.
767 1774 843 1841 Quare
857 1772 929 1827 enim
943 1774 1013 1828 inle-
1032 1747 1054 1808 Β
1069 1783 1135 1834 turo,
1152 1780 1265 1838 postque
1280 1771 1424 1839 rescriptas
1438 1774 1471 1828 ad
1487 1789 1580 1829 eorum
1593 1776 1738 1842 epistolum
1755 1774 1858 1829 Damasi

219 1853 274 1905 rins
288 1861 348 1919 post
373 1850 499 1903 ouunnlla
514 1846 547 1899 de
562 1847 613 1900 lhle
637 1843 829 1900 iucarnationis
845 1843 1011 1910 interposita,
1066 1839 1177 1896 litteras.
1190 1839 1261 1895 idem
1271 1849 1377 1910 tempus
1388 1843 1499 1898 innuere
1509 1843 1624 1907 ridetur,
1635 1858 1707 1908 enm,
1720 1846 1859 1900 recensitis

219 1922 253 1974 ile
268 1920 390 1988 sptenis
410 1919 495 1987 ipsios
510 1916 708 1984 sirlrseriplioue
723 1916 886 1968 curculionem
903 1912 1011 1981 haheat,
1065 1926 1125 1979 erp.
1146 1911 1177 1965 ιι
1200 1911 1445 1977 anathematismis,
1469 1913 1527 1968 haec
1539 1914 1573 1968 de
1593 1922 1716 1983 tempure
1730 1915 1857 1984 subjicit:

221 1992 272 2045 lroc
294 1990 329 2044 ob
352 2004 410 2043 earu
437 2001 543 2041 cansam
560 1989 687 2052 scriptum
703 1996 780 2052 puto,
796 1984 867 2053 qnod
882 1998 942 2036 cum
957 1984 1015 2051 cpi·
1066 1978 1099 2033 Ει
1121 1982 1173 2036 laec
1197 1982 1298 2046 quidem
1323 1993 1393 2052 qesta
1411 1993 1471 2037 suot
1481 1985 1615 2052 superstite
1633 1984 1759 2039 Gratiano
1775 2000 1858 2055 :qnae

219 2063 296 2114 stole
317 2056 597 2131 suhjccaessctlldei
622 2054 1014 2123 lormula,qoihuiesohseri-
1065 2055 1128 2106 nitar
1152 2050 1231 2118 hujus
1261 2052 1433 2119 imperatoris
1453 2055 1537 2109 linem
1565 2054 1685 2111 indicare
1715 2055 1858 2118 uidentur,

219 2130 309 2197 luebat,
324 2130 361 2183 illi
378 2131 476 2197 pariter
490 2127 662 2180 subscribere
681 2132 838 2180 censeretur
855 2139 907 2179 :eu
929 2123 1013 2178 lerrrrc

220 2206 309 2266 ritorto,
321 2215 374 2270 qno
385 2200 445 2268 quis
457 2196 578 2252 lormnlae
589 2213 621 2250 ex
636 2210 741 2251 austero
752 2195 870 2264 episcopi
886 2195 1012 2247 mandato

219 2271 364 2340 propositae
376 2269 557 2330 subscribens,
571 2280 624 2322 tarn
639 2269 764 2320 mandato
777 2266 921 2333 episcopali
933 2279 1013 2334 qum

220 2343 342 2395 turmula
357 2341 407 2409 ipsi
420 2339 575 2395 subscribet.
589 2338 692 2402 &Quia
705 2336 755 2389 hoc
769 2339 795 2389 ln
807 2345 951 2389 coercerat
963 2350 1014 2404 pu·

219 2417 310 2474 sitium,
325 2420 352 2464 ιιι
368 2411 402 2462 ιιι
417 2410 550 2463 inerericis
563 2408 595 2459 ml
617 2406 832 2461 commonionem
848 2405 1012 2460 catholicam

218 2482 419 2551 aspirantibus,
442 2494 494 2533 uou
521 2478 704 2540 ltrcrlsslmm,
720 2478 806 2544 ιιιιιιιιι
819 2487 859 2528 est
873 2476 941 2538 haec,
956 2477 1014 2543 epi-

219 2553 307 2613 stolar,
323 2553 349 2604 iu
363 2565 415 2618 iqua
435 2564 488 2602 rron
502 2549 604 2618 prolixe
615 2548 680 2600 satis
700 2547 765 2600 ilites
776 2547 949 2613 explicatur,
965 2546 1013 2599 sert

217 2622 359 2676 distinctor
374 2635 406 2673 ae
419 2620 495 2673 lectis
508 2618 596 2673 verbis
611 2629 748 2685 conceptae
762 2616 882 2670 formulae
897 2615 1014 2669 subseri-

220 2692 277 2760 ptio
297 2692 460 2760 exigeretur.
475 2690 501 2743 l.
523 2688 627 2742 Titurius
642 2687 764 2742 lorronloe
786 2696 814 2740 nt
827 2696 869 2741 est
881 2685 907 2741 iu
923 2686 1013 2740 Tima-

219 2777 286 2823 uco,
308 2762 360 2815 hoe
379 2762 464 2829 ipsum
480 2760 568 2827 prodit
580 2762 740 2813 clarissime.
763 2756 861 2811 ilerum
875 2759 938 2810 dum
955 2758 1013 2812 lune

215 2833 316 2900 scribo,
337 2841 489 2900 opportune
509 2830 626 2884 occurrit
648 2827 771 2882 collectio
796 2827 917 2882 llomaoa
933 2827 1013 2883 Lorae

217 2902 357 2964 llolsleuii,
372 2917 432 2970 que
448 2902 540 2955 bootae
555 2902 625 2953 edita
646 2908 688 2954 est
701 2912 773 2952 auno
788 2896 870 2962 tuum
887 2899 913 2952 io
926 2913 1013 2966 eaque

217 2975 324 3026 rureoiu
346 2972 486 3025 turmulam
502 2968 564 3023 lirici
584 2984 630 3024 seu
651 2971 890 3022 arrutlrematlsmus
905 2967 957 3035 ipsi
971 2972 1013 3024 io·

1065 2136 1143 2186 quem
1162 2128 1250 2176 tameo
1266 2130 1323 2176 toto
1334 2123 1466 2178 decennio
1475 2126 1620 2180 antevertit
1631 2129 1785 2180 courruoois
1796 2142 1858 2194 cpu-

1064 2192 1114 2244 elra
1129 2192 1236 2247 ιιιιιιιιιι
1263 2208 1290 2246 ιιι
1315 2193 1450 2262 tinniant,
1473 2210 1488 2248 a
1508 2210 1561 2265 qno
1584 2195 1694 2251 fluxisse
1716 2196 1858 2252 creduntur

1065 2261 1292 2318 ariailiematismi.
1316 2264 1478 2328 Duronium,
1501 2268 1545 2334 qui
1567 2265 1709 2335 epistolam
1734 2268 1769 2319 ad
1794 2283 1856 2321 ano.

1065 2333 1163 2387 lilrristi
1177 2333 1229 2387 tis
1244 2336 1335 2397 relert,
1350 2335 1447 2390 merito
1461 2337 1548 2405 arguit
1566 2335 1597 2390 ΙΙ.
1617 2335 1760 2401 Valesius,
1776 2352 1790 2390 a
1804 2353 1857 2406 qun

1065 2400 1102 2470 (lp
1123 2404 1221 2467 scripta
1235 2402 1333 2458 dicitnr
1352 2405 1434 2477 935
1453 2420 1517 2460 aon.
1533 2406 1597 2471 382,
1612 2410 1693 2476 paulo
1706 2416 1857 2478 postsrns

1065 2474 1145 2534 druo;
1162 2473 1209 2527 sed
1232 2473 1317 2528 lusios
1333 2476 1390 2530 lianc
1416 2485 1580 2543 pertractare
1602 2492 1656 2532 tion
1679 2488 1722 2531 est
1742 2480 1856 2532 ιιιιιιιιιι.

1069 2544 1132 2596 l'rde
1148 2554 1225 2598 riolas
1238 2544 1357 2613 ejusdem
1371 2544 1467 2600 ialesii
1481 2549 1506 2599 lo
1522 2546 1717 2602 Theorlnritnm
1738 2561 1796 2618 pag.
1810 2548 1855 2604 ts.

1101 2614 1155 2666 lost
1167 2624 1252 2670 ιιιιιιιιι
1273 2631 1333 2685 mag
1344 2631 1357 2670 s
1370 2628 1492 2672 nostrum
1511 2618 1607 2672 attinet
1624 2617 1661 2688 (c)
1679 2618 1790 2686 insignis
1812 2619 1855 2670 io·

1065 2686 1216 2752 terpolatio,
1231 2699 1283 2754 qua
1297 2686 1401 2741 auctior
1415 2688 1512 2757 legitur
1525 2687 1660 2757 prolesshr
1681 2689 1741 2742 liller
1757 2689 1782 2742 io
1797 2689 1855 2742 rol·

1063 2757 1132 2820 partis
1155 2755 1319 2812 erlitlunrhus
1341 2767 1368 2812 et
1389 2757 1415 2811 in
1440 2756 1533 2813 codice
1559 2758 1704 2824 Thoaneo,
1729 2774 1806 2828 qoam
1829 2761 1855 2812 in

1063 2830 1149 2878 Diuo.
1162 2825 1404 2881 codicehimirorn
1415 2837 1474 2896 post
1483 2837 1586 2883 sertum
1604 2828 1854 2884 anathematismum

1064 2895 1121 2949 bare
1134 2903 1187 2949 tam
1213 2912 1229 2950 o
1244 2897 1295 2951 illis
1308 2914 1388 2967 quam
1403 2898 1473 2968 apud
1487 2897 1682 2954 'llieudorituro
1702 2899 1854 2953 lralreutnr:

1065 2961 1117 3020 Ess
1132 2976 1218 3020 erilem
1239 2967 1283 3036 qui
1299 2969 1330 3020 ab
1349 2966 1516 3023 Ecclesiisml
1534 2967 1664 3024 Ecclesiae
1683 2971 1856 3038 oriqrorcriut,

215 3053 303 3096 serios
313 3040 446 3110 epistole,
460 3054 493 3095 eo
504 3039 564 3094 loeo
579 3039 623 3106 qui
638 3040 754 3094 litterula
769 3055 782 3092 a
798 3037 874 3093 nobis
890 3048 1008 3093 notatur.
1063 3036 1153 3090 laludio
1167 3054 1184 3091 o
1196 3046 1284 3091 uettru
1294 3041 1470 3094 communnione
1481 3040 1579 3094 alienos
1589 3040 1717 3103 lraheuus,
1727 3042 1811 3094 denec
1821 3043 1855 3094 orl

218 3113 250 3163 ιῖι
262 3112 316 3181 jem
330 3112 446 3165 assertio
460 3120 549 3162 nostra
565 3125 619 3163 ιιιιι
634 3110 699 3162 solis
719 3112 820 3163 nitatur
835 3110 1008 3177 conjecturis,
1024 3111 1046 3173 C
1061 3121 1104 3161 eos
1122 3108 1245 3162 redierint
1264 3110 1376 3163 rinitores
1395 3111 1421 3165 io
1438 3110 1531 3181 quitus
1546 3120 1605 3165 ιιιιιι
1628 3112 1740 3178 primitus
1758 3113 1856 3165 currui·

214 3182 297 3252 334
319 3181 366 3235 sed
389 3179 491 3234 codicis
504 3180 663 3232 :irretoritatc
675 3219 683 3241 ,
697 3193 750 3246 quo
770 3178 898 3232 docemur
913 3182 1008 3234 saltent

217 3252 411 3318 pruilessiouem
426 3251 494 3303 lrnrrc
509 3248 569 3301 llslei
582 3250 616 3301 ah
628 3250 739 3314 epistola
752 3249 944 3318 sejungendum
955 3265 1008 3304 mm

215 3336 287 3385 csse,
299 3330 327 3375 et
342 3331 481 3387 utramque
489 3321 583 3373 codem
597 3334 658 3374 esse
670 3328 789 3386 tempore
802 3319 913 3373 editam.

252 3391 315 3447 lude
331 3392 452 3461 sequntur
473 3392 628 3460 synodicam
650 3403 711 3444 esse
727 3389 832 3441 ltnmasi
853 3389 1006 3456 epistolam.

214 3461 353 3531 Siquidem
376 3463 452 3516 testis
475 3472 517 3514 est
538 3460 717 3515 Theodoritns
737 3458 806 3531 (lit.
832 3474 863 3522 r,
879 3477 937 3528 cup.
963 3462 1009 3528 lli)

214 3534 274 3587 illus
284 3532 534 3589 anathematismos.
550 3545 617 3600 qnos
629 3536 751 3600 sequenti
766 3532 853 3599 capite
867 3533 957 3594 reteri,
973 3532 1008 3586 uh

214 3604 349 3673 episcopis
363 3603 389 3656 iu
404 3615 499 3671 magna
514 3601 598 3656 Roma
612 3602 781 3672 corrprepatis
800 3604 916 3655 sancitos
929 3616 1006 3664 esse;

211 3687 311 3744 cosque
327 3673 441 3727 concilio
456 3687 485 3726 ιιι
509 3670 632 3726 Romano
645 3673 695 3727 suli
717 3672 831 3726 Damaso
848 3672 928 3740 uulgo
939 3673 1006 3727 assi·

211 3753 305 3811 point.
326 3743 393 3798 illud
415 3745 496 3797 etiam
514 3744 624 3798 innuere
639 3742 703 3796 mihi
717 3743 846 3796 Damasus
862 3741 920 3810 ipse
934 3743 1008 3797 riula-

213 3813 368 3885 tnr;quide
391 3812 513 3867 lamiliari
525 3813 655 3882 epistola,
670 3828 750 3881 quarn
765 3828 813 3882 Der
829 3813 938 3869 llitalem
956 3815 1007 3867 mi·

211 3897 281 3938 serat
297 3883 442 3938 surosolum
458 3884 576 3949 nemine,
593 3884 652 3955 ipso
663 3885 739 3939 initio
756 3886 835 3951 lnqos
850 3898 1004 3938 sermonem

212 3954 333 4021 hahens,
361 3956 523 4025 singularem
555 3969 697 4010 numerum
734 3962 861 4023 usurpat,
882 3956 1005 4025 rescripte

1062 3179 1120 3230 toti.
1144 3179 1218 3242 erod
1229 3180 1251 3232 si
1263 3174 1320 3249 quia
1343 3181 1420 3241 olins,
1435 3184 1489 3235 olle
1503 3182 1713 3248 transrrriqrnutc,
1733 3182 1761 3234 in
1771 3182 1855 3235 luctus

1060 3247 1164 3302 uiuentis
1177 3250 1310 3303 ordinatur
1321 3261 1369 3315 est,
1385 3253 1474 3305 suardio
1483 3262 1553 3307 uocet
1569 3254 1707 3305 sacerdotii
1721 3252 1852 3321 diqnitute,

1060 3319 1104 3386 qui
1117 3334 1191 3372 suum
1203 3320 1313 3374 deseruit
1325 3321 1461 3389 ciuitatem,
1469 3323 1549 3376 dorset
1557 3338 1689 3377 srrccrssur
1704 3324 1761 3394 ejus
1773 3324 1854 3390 quis:-

1060 3400 1099 3442 ιιι
1111 3389 1137 3441 iu
1153 3389 1271 3443 Dourion.
1287 3391 1348 3445 llice
1368 3406 1450 3461 porro
1462 3393 1634 3462 superaddita
1647 3407 1709 3447 csse
1723 3394 1767 3447 ιιι
1780 3393 1854 3447 dobi-

1062 3467 1119 3515 tare
1132 3460 1204 3514 licet.
1221 3459 1339 3515 Primum
1353 3463 1511 3518 auctoritare
1521 3463 1685 3518 oxoniensis
1696 3465 1854 3527 exemplans

1061 3545 1113 3583 ms.
1139 3531 1223 3585 nostri
1238 3533 1339 3586 cudies
1355 3534 1380 3586 in
1396 3532 1649 3601 internetione,
1666 3533 1711 3587 uhi
1725 3533 1854 3599 scribon

1064 3602 1210 3666 Damasus,
1231 3602 1265 3656 ab
1287 3602 1413 3658 Ecclesiae
1433 3605 1561 3659 Domana
1580 3605 1739 3673 proceribus
1756 3612 1784 3658 ut
1801 3619 1854 3671 ope

1061 3686 1105 3725 scr
1116 3672 1221 3727 olorum
1234 3671 1390 3741 apostolicae
1402 3673 1474 3729 sedis
1486 3675 1584 3729 condit:
1602 3692 1610 3727 ι
1626 3677 1669 3728 eui
1686 3674 1819 3729 hocnurni
1839 3691 1854 3728 a

1061 3742 1146 3807 major
1170 3741 1250 3811 longe
1270 3741 1337 3798 illies
1359 3743 1482 3800 habenda
1497 3784 1506 3810 ,
1521 3758 1600 3814 quom
1613 3745 1657 3800 uel
1679 3744 1852 3804 Tireodorito,

1060 3812 1103 3866 rel
1117 3827 1210 3880 parrum
1224 3814 1357 3869 accuratis
1371 3815 1431 3869 aliis
1443 3816 1622 3880 editionibus,
1640 3830 1700 3881 qim
1716 3829 1748 3869 es
1762 3813 1854 3869 Graes-o

1060 3879 1150 3937 dorius
1163 3898 1187 3936 ae
1205 3884 1270 3937 urilri
1287 3884 1419 3940 ridentur.
1442 3886 1469 3940 ι.
1486 3884 1569 3940 Favet
1589 3886 1674 3939 eolles
1699 3884 1781 3948 aller,
1805 3888 1851 3953 qul

1060 3951 1202 4007 clarissimi
1214 3953 1319 4008 lunelli
1331 3965 1382 4021 est,
1399 3954 1574 4027 lattdaturque
1585 3957 1612 4010 in
1631 3955 1773 4011 Lahbeaua
1783 3955 1853 4011 Corr-

742 4065 1024 4122 ustiuhllilultDtl
1043 4065 1320 4123 annotationes.

249 4162 285 4231 (n)
301 4161 374 4217 hicet
389 4161 502 4214 llomsol
516 4158 656 4227 pontibces
674 4175 718 4214 res
731 4159 819 4217 marui
836 4161 963 4215 momenti
976 4161 1003 4216 in

212 4233 331 4288 llomaua
340 4232 444 4303 squrrdo
455 4231 619 4285 discuterent
632 4240 712 4299 alque
722 4230 887 4296 deciderent,
904 4231 1005 4297 episto·

212 4306 354 4359 laetamen
369 4303 427 4356 solo
443 4303 575 4370 pontilicis
587 4302 695 4355 numine
705 4303 830 4357 solchoot
845 4301 1003 4370 inscribere,

211 4375 282 4443 qumi
294 4374 447 4442 apostolicae
468 4373 541 4426 seclis
555 4375 700 4426 alletoriras
716 4373 884 4441 potissimum
900 4383 1005 4441 specta-

211 4453 299 4507 retur;
315 4458 428 4512 eamque
443 4452 496 4497 oon
510 4443 595 4497 solum
609 4443 804 4506 Decrdeulalns,
819 4443 866 4498 sed
881 4442 1005 4498 Orienta-

1058 4161 1153 4216 eodrm
1167 4158 1254 4217 iitale
1266 4162 1321 4229 jam
1337 4163 1494 4234 presbytero
1507 4166 1565 4219 lraee
1581 4165 1694 4234 epistol·
1711 4180 1726 4218 a
1740 4166 1854 4221 Danrasn

1059 4232 1157 4300 scripta
1174 4230 1232 4286 luit.
1245 4234 1435 4288 Tillenrootins
1447 4250 1506 4289 caru
1520 4235 1603 4304 alligit
1617 4251 1689 4291 amm
1700 4235 1769 4301 575,
1783 4238 1852 4290 ibo·

1059 4302 1173 4357 stantius
1183 4317 1248 4357 reru
1260 4319 1332 4358 arion
1345 4305 1452 4359 circiter
1467 4306 1530 4361 578.
1546 4306 1625 4361 eluta
1639 4309 1675 4361 de
1689 4307 1741 4362 hac
1756 4323 1786 4364 re
1798 4309 1851 4363 dis-

1058 4387 1149 4428 serere
1163 4388 1216 4427 oon
1232 4385 1318 4431 vacat.

1095 4444 1209 4516 (arcum
1231 4458 1285 4499 uon
1307 4447 1483 4502 solusemles
1508 4446 1671 4514 Thoaueus,
1700 4447 1748 4503 scd
1763 4445 1851 4504 cereri

211 4515 248 4568 les
262 4514 342 4569 eiiam
353 4512 457 4584 proptei
469 4514 695 4585 principalitatem,
710 4525 738 4567 nt
748 4514 863 4569 beumos
874 4513 1002 4582 loquitor.
1058 4517 1138 4570 ctiam
1152 4524 1252 4570 orostrae
1273 4515 1441 4573 collectionis
1456 4518 1522 4590 (nuo
1542 4521 1685 4574 retenuori
1706 4534 1758 4573 ιιιιι.
1780 4520 1851 4574 uso·

211 4590 358 4652 persertim
374 4585 399 4638 io
416 4585 572 4640 liuciconsis
584 4585 692 4639 maximi
708 4585 857 4639 laciendum
874 4592 1003 4653 perpetuo
1018 4582 1044 4641 Ι)
1057 4588 1143 4642 nleusi
1158 4587 1293 4653 excepto).
1308 4601 1340 4641 ac
1356 4598 1485 4655 praetcrea
1500 4587 1546 4643 alii
1561 4602 1655 4643 ornnes
1670 4590 1784 4644 aliarum
1798 4592 1851 4644 co·-

212 4656 338 4709 Ecclesiae
352 4654 495 4708 tradiioue
506 4654 674 4710 didicissent.
691 4654 759 4709 iiiuc
776 4656 832 4723 ipsa
844 4655 957 4724 epistola
969 4657 1003 4711 de

209 4740 260 4795 qua
274 4740 345 4779 uuuc
358 4739 447 4781 sermo
460 4735 512 4789 cst,
533 4741 586 4779 unu
598 4725 726 4779 Romanae
740 4726 847 4795 synodi,
861 4725 909 4780 sed
920 4724 1004 4780 solius

212 4796 317 4848 Damasi
333 4795 442 4848 nomine
457 4806 631 4865 praestolatur,
647 4808 672 4848 cl
686 4796 735 4849 soli
752 4797 865 4850 Damaso
879 4796 1004 4851 tribuitur

210 4866 237 4920 io
253 4867 414 4919 allocutione
428 4866 522 4934 synodi
544 4862 773 4919 Chalcedonensis
785 4867 818 4920 ad
839 4866 1002 4921 lloreiaoum

210 4941 358 5004 ilrrgrrsturn
374 4944 439 4990 turn.
456 4933 487 4989 ιι
500 4933 606 4990 Concil.
624 4933 689 4990 Veri.
703 4935 840 4999 editionis,
855 4936 907 4990 cul.
921 4938 1001 4993 1766.

244 5009 282 5080 (ι)
301 5007 405 5075 Scripta
427 5004 476 5060 luit
494 5021 555 5060 cnm
571 5019 633 5074 spos
653 5015 711 5061 erat
725 5006 760 5061 he
772 5006 851 5061 titali
864 5016 929 5061 tune
943 5025 1004 5078 pre·

207 5079 332 5150 slryrero,
353 5089 495 5145 antequam
518 5088 639 5147 apertum
656 5078 773 5131 schisma
795 5080 955 5145 spoliemus,
968 5081 1002 5135 ab

208 5149 407 5220 Apollinaristis
421 5151 454 5202 ad
477 5149 660 5218 episcopatum
680 5149 876 5204 Autiueltenulu
893 5166 1001 5218 proruo·

208 5232 327 5276 veretur.
352 5225 436 5273 l’orro
459 5220 481 5273 is
504 5234 563 5274 ,sese
581 5219 692 5288 gerebat
713 5221 870 5289 episcopum
893 5222 1001 5276 lleletio

208 5296 314 5345 uiuente
329 5309 336 5346 :
349 5290 419 5345 node
430 5289 609 5362 [lieronymus
626 5294 651 5344 ln
663 5291 742 5358 episi.
763 5291 796 5344 ad
812 5290 954 5345 Damasum
970 5292 1004 5345 oe

209 5361 294 5417 tribus
308 5363 497 5432 lqpostemus
512 5371 567 5416 tres
579 5363 721 5430 episcopos
742 5361 937 5416 Antiochenam
954 5362 1004 5417 Ec·

207 5432 315 5485 clrslarn
326 5432 576 5502 sirnnloecupaotes
585 5441 730 5486 rocroorat:
745 5431 806 5485 Noa
815 5433 871 5485 ouri
883 5432 1002 5498 Virnlem,

210 5498 338 5555 lleleium
359 5518 467 5573 respuo,
492 5505 583 5572 lquere
606 5502 759 5556 Paulinum.
775 5504 894 5557 lleleuns
913 5512 1003 5557 aulem

207 5570 273 5623 obiit
293 5587 363 5625 atrito
386 5572 434 5628 sul
453 5613 460 5638 ,
481 5577 545 5627 duur
564 5572 868 5643 constantinopolitana
882 5573 1002 5644 synodus

206 5640 344 5707 agebatur.
361 5644 440 5711 igino
450 5654 513 5699 ante
528 5645 598 5698 harre
612 5645 743 5713 synodum
756 5644 848 5697 viralis
859 5647 1003 5711 episeopus

207 5716 281 5775 ειιις
296 5724 327 5765 ae
341 5720 482 5780 propterea
497 5728 549 5767 oon
561 5712 641 5783 paulu
652 5725 721 5784 posi,
731 5715 777 5770 sed
789 5722 850 5769 aute
864 5715 1000 5784 aliquanto

1055 4657 1201 4711 lectionum
1226 4657 1394 4726 Latinarum,
1419 4674 1479 4726 qum
1500 4660 1569 4713 liarrc
1583 4659 1690 4715 Damasi
1710 4659 1850 4729 epistolam

1055 4728 1209 4791 coutlneol,
1230 4727 1255 4781 io
1271 4735 1344 4783 textu
1364 4737 1522 4785 constanter
1544 4730 1690 4785 cxlriheunt
1702 4730 1850 4791 decretum.

1055 4795 1109 4851 Em
1129 4806 1213 4851 nutem
1231 4800 1275 4867 qui
1294 4797 1326 4851 alr
1343 4796 1472 4863 Ecclesia,
1489 4809 1531 4855 etc
1549 4839 1557 4862 ,
1579 4800 1678 4854 lrustra
1693 4802 1851 4868 eresuellos

1055 4869 1215 4924 auctoritate
1239 4867 1316 4922 troius
1335 4869 1493 4925 reeerltioris
1510 4870 1624 4937 codicis,
1647 4886 1728 4941 quern
1742 4872 1769 4925 in
1792 4873 1851 4925 aliis

1056 4939 1193 4994 uuonullis
1211 4954 1336 4994 maricam
1351 4939 1477 5009 uidimus,
1492 4941 1562 4996 idem
1574 4942 1715 4997 decretum
1727 4948 1851 5010 supposi-

1057 5009 1143 5064 titium
1157 5010 1294 5065 uenditare
1307 5025 1337 5065 se
1348 5025 1427 5080 posse
1439 5012 1564 5066 credidit.
1579 5010 1632 5066 Nec
1644 5026 1710 5067 sero
1728 5012 1765 5068 illi
1781 5014 1853 5066 ιἰιιιι

1056 5083 1125 5136 alius
1140 5081 1223 5136 codes
1237 5080 1353 5136 lustclli.
1370 5080 1418 5135 ilie
1436 5083 1508 5136 enim
1525 5081 1687 5137 isidorianos
1700 5091 1753 5138 cst.
1771 5082 1851 5136 isido-

1056 5166 1103 5205 ros
1116 5159 1205 5205 antero
1227 5152 1295 5206 banc
1308 5153 1503 5220 expuitionem
1520 5153 1582 5207 lidoi
1601 5153 1628 5206 in
1640 5163 1695 5207 tres
1709 5167 1799 5222 pares
1811 5155 1852 5206 di·

1055 5223 1135 5288 risit,
1160 5235 1187 5276 ct
1207 5236 1221 5274 a
1243 5223 1327 5289 prima
1352 5233 1428 5291 parte
1448 5223 1582 5278 submovit
1605 5223 1676 5278 idem
1702 5232 1851 5279 secretum.

1059 5292 1124 5346 Dein
1148 5292 1209 5346 aliis
1235 5293 1383 5361 interiectis
1408 5306 1572 5363 postremam
1598 5305 1701 5362 partem
1731 5294 1849 5363 ejusdem

1056 5362 1232 5430 expositionis
1244 5364 1320 5419 dedo
1335 5380 1342 5415 ε
1357 5378 1388 5419 ac
1399 5364 1505 5419 tandem
1517 5365 1576 5418 aliis
1591 5364 1698 5421 insertis
1715 5364 1850 5419 laudatura

1056 5432 1196 5487 decretum
1222 5434 1366 5504 separatim
1390 5436 1522 5489 esliibnil.
1554 5434 1638 5490 Sieuh
1665 5450 1730 5490 aero
1757 5433 1851 5488 divisio

1058 5503 1150 5569 prino-e
1167 5504 1249 5571 partis
1268 5522 1283 5558 n
1298 5514 1432 5574 postrema
1454 5505 1548 5561 lsiouri
1570 5506 1728 5561 blercatoris
1740 5504 1850 5559 arbitrio

1054 5573 1198 5697 :imbuenda
1212 5584 1270 5642 est;
1287 5575 1324 5631 lu
1337 5577 1417 5633 etiarn
1433 5576 1493 5647 eius
1506 5576 1608 5634 decreti
1622 5575 1759 5647 separatio
1771 5581 1851 5645 atque

1074 5654 1201 5701 llltlttllD.
