4000 6175
248 315 299 369 aas
718 305 888 364 ncrauorx
908 306 953 361 aa
973 307 1002 364 s.
1025 305 1271 365 attonsarum
1291 307 1415 366 ossas.
1836 305 1893 365 stt
1929 284 1955 305 ·’

250 442 336 483 tonum
357 425 518 497 episcopam,
543 424 574 478 de
595 422 726 477 urenaehis
746 429 770 474 et
795 420 868 474 iaicis
889 419 923 473 od
946 418 1081 490 pradash
1131 418 1187 474 itt.
1216 418 1352 475 Athanasii
1374 421 1489 490 episcopi
1510 420 1553 475 od·
1570 419 1716 489 Epictetum
1740 421 1890 491 episcopum

249 518 431 575 ecclesiasticos
444 517 564 570 accedere
578 513 750 584 capientibus.
1092 520 1234 567 contraeas
1247 515 1292 584 qui
1303 513 1335 567 de
1346 512 1450 568 Domini
1463 511 1647 569 incarnatione
1658 515 1752 584 spiritu
1767 513 1889 585 hiasphe·

284 607 402 666 ΧΧΙΙΙΙΙ.
413 606 640 663 Coururouitoriaar
649 605 747 659 Zosimi
754 620 829 676 papae
838 606 872 658 nd
882 603 1043 674 preshptmos
1093 603 1153 659 mise
1165 604 1265 660 diuersa
1277 614 1419 660 senserant.

246 710 270 755 et
285 708 407 754 dracones
420 713 479 752 suos
491 696 620 752 iionennoe
635 696 796 752 constitutos.
1131 696 1198 754 Ι.ΙΙΙ.
1214 696 1306 769 Cyriiii
1324 697 1359 753 ad
1383 697 1512 753 ioannem
1532 697 1718 753 Antiochenam
1741 698 1894 770 episcopam

284 788 405 847 xxxta.
420 787 550 858 horrisaeii
565 804 641 858 papae
655 788 690 841 ad
705 786 839 842 Hilarium
851 785 1044 843 Narbonensem
1094 800 1184 845 contro
1198 791 1296 862 eosqui
1306 807 1386 861 prora
1404 791 1436 844 de
1455 806 1485 846 eo
1504 792 1532 844 in
1551 791 1604 859 fide
1622 791 1766 858 insnum,
1781 802 1806 845 et
1820 793 1893 860 quod

190 904 201 927 ο
249 888 279 939 de
293 882 415 937 Patrocio
427 891 450 936 et
462 889 475 919 ⁸
488 881 610 950 episcopo
624 879 774 935 hataiensi.
1014 918 1017 925 ⁴
1095 881 1228 951 exemptor
1241 882 1383 936 thimaeum
1402 881 1537 936 Athanasii
1550 880 1584 935 od
1598 880 1743 951 Epictetum
1753 884 1809 951 ipse
1820 883 1894 936 dire-

283 973 392 1030 XXXV.
408 970 538 1029 Coeiestiai
552 987 627 1044 papa
642 971 677 1026 ad
697 972 831 1041 episcopos
851 970 1007 1027 i'iennenses
1020 982 1045 1027 et
1095 973 1179 1036 nerim·
1193 982 1217 1026 et
1230 972 1344 1044 {armaio
1358 972 1419 1042 hdei
1429 974 1580 1045 suhroputa.

249 1067 430 1123 Narbonenses
443 1064 594 1122 constitutio
604 1063 740 1119 titulorum
751 1063 881 1119 undecim.
1134 1063 1200 1118 [AV.
1215 1061 1339 1135 Dodonia
1353 1075 1449 1120 sonctrc
1463 1066 1557 1136 synodi
1572 1065 1800 1133 chalcedonensia
1814 1078 1840 1121 et
1853 1068 1895 1122 he·

283 1160 404 1218 ΧΙΙΙΙΙΙ.
421 1159 551 1215 Cretestini
567 1172 642 1230 papae
657 1157 692 1210 ad
707 1156 838 1229 episcopos
848 1155 950 1227 Apuiioe
960 1163 983 1208 et
995 1151 1045 1209 Ca·
1096 1140 1139 1227 ῥα
1147 1172 1178 1212 eu
1188 1152 1281 1211 Codice
1288 1154 1478 1212 Theodosiauo.
1505 1221 1510 1231 Ι

248 1248 336 1310 totae
349 1267 359 1308 t
374 1261 402 1307 ut
416 1253 505 1307 nuiias
525 1251 652 1306 laicorum
665 1250 701 1304 ad
710 1232 826 1305 ordinem
844 1247 983 1303 sacerdotii
996 1245 1046 1300 ad·
1133 1247 1188 1303 LV.
1214 1248 1323 1303 Damasi
1342 1265 1418 1320 popa
1430 1251 1464 1304 ad
1480 1248 1624 1306 Paulinam
1640 1251 1827 1308 Antiochenam
1840 1254 1899 1322 rpi-

249 1346 374 1401 orittotur.
1096 1358 1201 1412 scopum
1216 1347 1248 1396 de
1258 1343 1310 1411 fide
1320 1353 1344 1397 et
1353 1343 1467 1414 [armaio
1482 1344 1582 1411 theth,
1595 1345 1741 1416 cujusmodi
1755 1347 1835 1417 pidem
1851 1348 1898 1415 qai

282 1435 417 1495 ΙΙΙΙΙΙΙΙΙ.
439 1435 576 1507 Euporitio
591 1433 652 1502 idei
669 1433 804 1490 catirciicte
817 1442 908 1489 contra
926 1430 1045 1487 haeresim
1096 1435 1129 1490 oi
1138 1433 1230 1490 heresi
1243 1445 1403 1490 revertantur
1417 1435 1525 1492 dcheaut
1538 1438 1654 1508 profiteri
1666 1433 1692 1492 Ι.

248 1530 382 1600 Arionem.
1133 1527 1200 1585 [Ni.
1227 1526 1333 1584 Eusehii
1359 1529 1473 1600 episcopi
1498 1528 1700 1585 iicdioiaaensis
1722 1532 1836 1601 epistola
1861 1532 1899 1584 ad

283 1619 428 1689 ΧΙΙΙΙΙΙΙΙ.
440 1617 563 1675 Faustini
570 1616 709 1691 presbyteri
719 1617 784 1687 tides
796 1616 948 1672 transmisso
960 1615 1045 1672 Theo·
1096 1621 1208 1676 Leonem
1220 1638 1331 1693 papam,
1351 1638 1398 1694 per
1410 1638 1488 1692 quam
1501 1621 1563 1692 fidei
1574 1624 1646 1693 eim,
1659 1638 1737 1693 quam
1750 1624 1785 1676 ad
1801 1622 1900 1678 Orien·

248 1715 321 1768 docio
336 1713 497 1779 imperatori.
1097 1725 1144 1770 tenr
1160 1716 1305 1782 direxerat,
1318 1714 1455 1771 asserendo
1469 1731 1528 1770 cam
1546 1716 1608 1771 oiiis
1622 1716 1749 1786 episcopis
1764 1719 1901 1771 consensit

283 1806 406 1862 XXXIX.
421 1807 492 1860 Aitcr
506 1803 610 1860 iiheiiur
624 1804 696 1874 fidei.
1059 1801 1172 1879 Batauo
1184 1807 1344 1878 subscripsit.

283 1900 340 1955 XL.
356 1899 471 1955 Libellus
483 1899 545 1969 fidei
559 1899 706 1970 Augustini.
1134 1900 1212 1955 Lvtt.
1236 1900 1361 1955 Rauennii
1379 1900 1538 1971 otiosumque
1559 1899 1739 1972 episcoporum
1755 1898 1900 1956 Gothorum

284 1992 354 2050 xut.
379 1992 506 2063 Exemplo
528 1992 731 2047 testimonioium
756 1991 870 2056 Hilarii,
898 1990 1044 2057 Ambrosii,
1097 1993 1132 2046 ad
1145 1990 1256 2047 Leonem
1269 2008 1365 2063 popam
1379 1991 1440 2062 pidei
1461 1994 1517 2063 ejas
1532 2007 1609 2061 quam
1624 1992 1659 2044 od
1677 1990 1810 2046 Orientem
1825 1992 1902 2047 dire-

249 2088 386 2144 Athanasii
392 2130 399 2151 ,
415 2086 565 2158 Aapnstini,
580 2094 604 2140 et
617 2086 731 2141 aliorum
746 2094 894 2140 sanctorum
905 2084 1045 2137 cortotrco-
1097 2086 1145 2152 nit,
1160 2085 1261 2139 troadem
1275 2084 1427 2138 dicentium.

249 2197 307 2235 rurn
324 2182 452 2243 uirorum,
473 2178 505 2232 de
521 2177 621 2232 duodus
639 2177 738 2232 nataris
751 2177 779 2230 iu
790 2192 842 2230 uua
855 2191 965 2244 perenna
982 2160 1047 2228 tiro
1133 2176 1222 2233 Lvttt.
1239 2174 1336 2231 Geiasii
1355 2192 1430 2248 papa
1450 2176 1598 2231 constitutio
1618 2178 1647 2231 in
1673 2175 1710 2234 23
1726 2177 1827 2246 titulis,
1850 2196 1902 2234 ca·

242 2271 344 2328 ‘Christi
367 2269 471 2324 ltomini
492 2268 574 2322 nostri
595 2268 732 2322 indiscrete
754 2266 923 2335 distincteque
941 2279 1047 2318 moaen·
1098 2284 1193 2322 nanum
1210 2267 1393 2323 districtionem
1411 2278 1565 2338 temperans¹
1579 2268 1607 2322 iu
1622 2268 1662 2323 hie
1685 2267 1813 2324 duntaxat
1836 2286 1904 2339 pro-

251 2365 326 2418 tihrrs.
1098 2358 1187 2414 vinciis
1207 2374 1265 2431 quoe
1290 2361 1364 2414 certis
1385 2374 1418 2413 en
1440 2361 1526 2414 causis
1541 2368 1569 2412 ut
1584 2359 1694 2417 ministri
1714 2358 1903 2416 Eucherioruas

288 2455 366 2510 tut.
382 2454 460 2510 Gesta
474 2450 676 2507 deaurationisb
694 2449 831 2523 Eutychis.
1094 2452 1191 2520 desint,
1209 2451 1340 2504 hominurn
1354 2451 1460 2505 raritate
1474 2451 1601 2509 haioroat.

281 2546 378 2602 'hatti
402 2545 568 2600 Narrationis
589 2544 652 2598 ordo
667 2559 676 2597 :
691 2544 801 2614 usatites
822 2540 963 2597 Dioscorus
988 2541 1049 2596 Ate·
1136 2543 1204 2599 ΙΙΧ.
1221 2542 1364 2600 ‘canones
1377 2544 1530 2600 Antiocheni
1540 2545 1653 2601 coaciiii.

252 2638 398 2693 caradrinas
421 2637 556 2708 episcopus
579 2634 690 2707 Eutychi
713 2633 891 2701 consentiens,
911 2634 938 2687 ia
956 2648 986 2687 eo
1008 2634 1049 2686 cui
1136 2636 1192 2692 LX.
1209 2637 1218 2675 Ι
1233 2637 1338 2709 hepuia
1357 2637 1497 2693 recinium
1509 2636 1660 2693 Laodiciam
1675 2637 1797 2713 Phrypioe
1812 2636 1906 2694 Paea-

252 2737 361 2803 praerot
372 2730 426 2800 ipse
443 2727 571 2795 sicestria,
588 2727 628 2782 neh
646 2724 951 2796 Coratontinopoiitana‚
975 2740 1047 2779 erro·
1100 2728 1188 2782 tiana.
1573 2776 1578 2785 .

252 2838 305 2876 rem
318 2821 459 2888 induxerit,
475 2836 554 2890 usqae
572 2820 606 2874 od
625 2828 724 2887 ternpus
738 2834 789 2885 ouo
812 2816 921 2872 Ararim
938 2818 1049 2871 domna·
1134 2819 1204 2877 ΙΙΙ.
1218 2821 1356 2878 sconooes
1366 2821 1646 2893 Gouoronrimpotironi
1660 2823 1773 2878 conatii.

253 2924 351 2968 turest.
1142 2915 1195 2987 19
1213 2914 1291 2969 aaut.
1306 2912 1320 2951 Ι
1336 2913 1481 2973 Constituto
1508 2912 1517 2952 ¹
1541 2914 1845 2987 Theiepteneisconciiii‚
1872 2919 1907 2974 id

289 3004 379 3062 XLIV.
396 3006 525 3078 Simplicii
538 3023 611 3077 papa
625 3008 659 3061 ad
677 3006 814 3073 Acacium,
831 3015 860 3059 ut
880 3005 912 3058 dc
932 3005 1047 3059 ttenon·
1100 3009 1178 3061 estin
1193 3008 1292 3076 Aprica,
1302 3007 1382 3077 justa
1395 3006 1546 3063 decretaiem
1559 3006 1648 3064 Siricii
1660 3025 1744 3078 popu.

252 3103 335 3157 drino
348 3100 470 3158 Ecclesia
483 3103 616 3157 uexatione
629 3118 717 3158 curem
731 3118 830 3175 pereas,
853 3100 906 3171 18
919 3101 974 3154 sedi
986 3116 1050 3171 apo·
1137 3098 1228 3155 uuirt.
1241 3098 1339 3171 iieouio
1352 3103 1523 3170 [armatorum
1537 3102 1678 3157 meandum
1688 3100 1782 3158 Graes
1797 3104 1908 3161 tatere:

252 3193 350 3248 stoiicae
361 3211 413 3249 uon
428 3194 533 3264 differat
548 3196 668 3249 nuntiare
685 3205 710 3250 ⁶.
1065 3182 1090 3245 C
1106 3209 1162 3247 rum
1181 3195 1315 3248 etemeata.

283 3284 369 3342 XLV.
387 3286 549 3358 Rescriptum
563 3288 650 3341 Aeacii
660 3285 694 3340 od
708 3285 872 3353 Simplicium
885 3303 990 3355 papam,
1006 3287 1050 3342 uhi
1137 3282 1230 3340 inihi.
1248 3282 1386 3340 Chenrentis
1398 3285 1433 3339 ad
1447 3284 1582 3342 iacobum.

253 3381 277 3433 ei
303 3380 433 3452 sipuificut
458 3378 564 3435 Petrum
588 3380 797 3434 Alexandrinum
826 3379 974 3450 episcopam
997 3397 1051 3436 esse
1138 3377 1218 3434 LXV.
1234 3375 1339 3445 ceretii,
1364 3377 1466 3434 Sniorrii
1488 3390 1511 3433 et
1528 3379 1622 3435 Verani
1641 3381 1821 3453 episcoporum
1835 3381 1909 3439 Gor·

254 3473 416 3536 damnatum.
433 3481 456 3525 et
470 3470 634 3527 Timotheum
645 3473 799 3526 restitutum.
1102 3472 1187 3526 iorum
1200 3469 1354 3526 octonem
1366 3488 1461 3541 papam
1479 3473 1576 3543 osasica
1595 3489 1673 3543 super
1696 3473 1760 3544 fidei
1780 3463 1908 3532 toanis

260 3591 273 3618 s
289 3563 383 3621 xavt.
400 3562 499 3620 Friict's
510 3581 585 3638 papa
597 3567 623 3619 in
638 3565 803 3619 damarrtione
816 3565 913 3619 Aeacii.
1102 3564 1241 3635 aprutium.

291 3656 395 3714 xuvtt.
409 3655 507 3712 Geiosii
519 3673 594 3728 papae
606 3657 639 3713 de
653 3656 819 3711 damnatione
831 3656 917 3711 Aeacii
926 3656 1052 3712 arirnhiiir
1139 3654 1231 3711 aaut.
1245 3653 1252 3705 i
1272 3653 1364 3726 Cyriiii
1390 3656 1424 3710 ad
1438 3654 1587 3712 Nestorium
1602 3674 1612 3712 .·
1626 3667 1653 3713 ut
1666 3641 1746 3714 atrurn
1762 3669 1788 3715 et
1811 3676 1909 3716 umam

256 3751 395 3820 disputatio
410 3761 487 3821 atque
499 3751 626 3819 definitio.
1104 3745 1165 3814 hdei
1179 3747 1274 3817 dopma
1284 3754 1417 3818 sequatur.

292 3840 405 3897 Xhiihh.
422 3841 487 3896 item
501 3843 615 3914 eiusdem
633 3844 669 3897 ad
687 3842 817 3899 Faustam
836 3843 865 3898 in
880 3845 1006 3914 hepaticus
1018 3845 1052 3898 ad
1139 3836 1243 3892 thtt.
1259 3835 1352 3893 Leonis
1366 3855 1440 3910 popu
1450 3840 1484 3895 ad
1499 3839 1608 3896 Leonem
1621 3841 1776 3916 Augustum,
1800 3844 1834 3898 de
1849 3860 1909 3899 erra

258 3932 389 3987 anensem
402 3933 527 4002 orreorum
542 3933 676 3988 instructio
690 3933 1051 4003 sopoaooroonooehcoctr.
1105 3925 1210 3982 tronum
1234 3930 1315 3982 noem
1337 3927 1400 3984 tero
1414 3928 1511 3986 carim
1529 3948 1648 4002 possm,
1674 3941 1701 3988 er
1729 3933 1829 3988 anoton
1854 3934 1909 3991 Dei

292 4021 386 4079 XLiX,
399 4022 526 4096 Ejusdem
539 4023 572 4077 de
587 4023 675 4077 eodem
687 4024 722 4077 ad
734 4021 897 4077 Appaptasium
912 4024 1052 4090 imperato.
1105 4018 1264 4091 huoministpae
1278 4022 1390 4087 adiurit,
1402 4037 1460 4075 eam
1474 4023 1595 4095 subjectis
1617 4025 1768 4079 testimoniis
1780 4024 1908 4083 ΡΙΙΙΝΙΙ.

254 4131 308 4168 nrm
322 4130 333 4170 .·
349 4124 377 4169 nt
394 4118 536 4185 imperator
549 4129 601 4167 rrou
622 4131 649 4168 se
667 4114 775 4169 eotoiiat
796 4129 874 4183 super
892 4116 1051 4182 sacerdotes,
1140 4112 1256 4170 vartt.
1272 4115 1365 4171 Leonis
1382 4132 1457 4188 papa
1479 4118 1514 4173 ad
1531 4116 1682 4175 iuuenaicm
1704 4118 1911 4193 ierosoiprm'ta·

257 4221 301 4258 nec
313 4222 390 4273 saper
401 4204 486 4258 sedem
500 4198 679 4276 apostohi'caur.
1105 4223 1166 4262 nam
1180 4210 1328 4278 episcopam
1338 4209 1371 4263 de
1383 4210 1472 4265 eodem
1482 4210 1549 4282 ipro.

293 4296 323 4349 i..
336 4293 461 4364 Eiusdem
472 4294 600 4364 repositio
610 4309 696 4350 cuasrc
706 4297 740 4350 od
757 4294 894 4351 Dardanos
907 4297 1052 4353 :Acacium
1140 4298 1234 4355 LXIX.
1249 4299 1373 4370 Ejusdem
1396 4302 1431 4355 od
1453 4299 1611 4357 Flauianum
1633 4304 1784 4376 episcopum
1799 4303 1860 4361 GP.
1876 4309 1911 4364 ds

257 4388 346 4451 assde
356 4387 499 4457 apostatico
509 4389 579 4461 juste
589 4388 669 4459 [aisse
682 4388 842 4445 damnatam.
1106 4392 1275 4446 damnatione
1285 4390 1389 4447 heresis
1402 4392 1580 4464 Eutychiana.

290 4479 336 4535 ΙΙ.
352 4478 480 4554 Ejusdem
498 4480 612 4552 episcopi
630 4482 665 4535 od
682 4482 816 4553 episcopor
836 4481 948 4538 Orientis
965 4483 998 4537 de
1010 4498 1054 4538 ea·
1142 4483 1225 4540 Lxx.
1246 4483 1401 4541 Constitutio
1418 4487 1454 4540 od
1476 4485 1640 4544 Theodorum
1660 4489 1806 4561 episcopum
1823 4490 1910 4547 Fori-

257 4572 313 4625 don
327 4587 407 4626 causa
415 4570 516 4626 redditu
527 4571 603 4627 satio.
1063 4569 1092 4631 Ι)
1098 4577 1222 4649 jutiemis
1235 4593 1315 4648 saper
1333 4577 1487 4647 poenitentioe
1499 4588 1579 4635 statu.

294 4797 307 4827 ⁸
330 4789 491 4857 Quosneiius
507 4788 666 4857 particulam
693 4786 875 4852 copatrtirmu
890 4793 912 4840 et
928 4828 935 4853 ‚
950 4799 1011 4855 quse
1025 4785 1056 4841 iu
1106 4792 1171 4840 suut
1191 4799 1251 4854 cap.
1272 4782 1324 4849 66,
1342 4781 1392 4852 59,
1411 4784 1459 4850 hh.
1473 4783 1506 4841 hh
1517 4824 1524 4850 ,
1536 4792 1564 4840 et
1577 4783 1622 4842 hi.
1639 4784 1671 4840 Ρ.
1686 4784 1867 4842 coustantius
1882 4790 1909 4841 ir,

258 4855 748 4926 msscodd.deerut‚rectesd1ecit.
1108 4854 1212 4926 prosim.
1228 4854 1262 4910 ud
1279 4864 1345 4913 tom.
1361 4854 1369 4908 Ι
1385 4855 1472 4925 Epist.
1496 4855 1574 4911 Rom.
1597 4855 1691 4926 pontii.
1712 4871 1773 4927 pag.
1800 4873 1910 4920 suurn,

294 4931 419 4994 horon..
433 4929 575 4998 Entpcctis.
590 4937 621 4984 et
633 4931 671 4982 itu
680 4927 820 4998 deinceps.
1106 4926 1188 4981 olima
1201 4926 1322 4983 codicem
1337 4925 1512 4982 liubertiama
1524 4924 1626 4992 tradat,
1639 4926 1684 4996 qui
1699 4927 1789 4983 miurus
1803 4929 1912 4996 insopor

295 5002 438 5066 titiana..
455 5000 579 5054 indicare.
1107 4996 1225 5054 uidetur.
1240 4996 1364 5052 Concinit
1386 5012 1471 5066 usqae
1490 4996 1524 5053 ud
1541 5011 1602 5068 cop.
1627 4998 1673 5053 59.
1695 4997 1792 5053 Postea
1813 5003 1912 5054 satida

292 5074 307 5113 ‘¹
322 5073 464 5142 Nucrasque
477 5068 571 5126 eadem
585 5068 700 5138 capitula
715 5082 775 5123 cum
789 5068 884 5124 eadem
897 5067 968 5124 serie
978 5068 1055 5124 iare·
1108 5076 1212 5123 toruum
1233 5066 1349 5135 capitata
1373 5067 1422 5134 56,
1438 5066 1488 5131 58,
1504 5068 1558 5133 59,
1579 5068 1629 5134 uu,
1644 5068 1690 5131 hi.
1704 5067 1754 5132 65.
1767 5076 1797 5124 et
1810 5083 1915 5127 osrraes

258 5149 435 5203 uiuaturtam
450 5144 476 5197 in
493 5141 628 5209 Quesneta
642 5152 708 5195 mss.
722 5139 828 5195 Thana.
842 5149 870 5194 et
883 5140 982 5206 oxon,
995 5149 1051 5195 tum
1107 5136 1206 5193 Leonis
1229 5139 1380 5208 epistolas,
1407 5153 1467 5210 quiae
1491 5137 1519 5195 ia
1543 5136 1595 5193 hac
1621 5138 1711 5195 rohais
1736 5139 1873 5211 incipiunt
1896 5159 1913 5196 u

259 5221 286 5275 iu
304 5217 411 5273 anonas
430 5218 530 5270 nostris
546 5211 806 5268 Vindehoaeusrhas.
820 5209 886 5280 Qum
904 5212 1054 5277 subjician-
1106 5223 1169 5276 cup.
1184 5207 1231 5264 67.

259 5300 313 5356 tar,
329 5287 422 5343 edeta
439 5285 551 5341 omniuo
563 5292 627 5338 saut
645 5285 671 5335 ia
691 5281 772 5335 cadit.
786 5281 891 5337 Thura.
907 5291 935 5337 et
953 5282 1053 5338 dee·
1144 5278 1258 5334 ·01ou.
1276 5278 1356 5335 {Nih

258 5357 323 5412 tion.
340 5357 385 5411 Ae.
402 5358 429 5412 tn
445 5358 498 5411 ntro
519 5353 671 5411 vindobon.
691 5350 725 5405 δ’)
739 5352 833 5408 eadem
849 5367 957 5421 auoque
974 5361 1051 5418 suut,
1148 5347 1258 5407 turon.
1275 5349 1365 5405 ΙΝΙΙΙ.

258 5431 306 5480 soa
321 5427 347 5481 iu
360 5423 670 5496 ‹horohuseopituiisordo
680 5424 830 5491 discrepem
843 5437 903 5479 uam
918 5436 977 5492 pust
989 5438 1050 5478 carr.
1143 5431 1157 5470 t
1172 5422 1260 5477 (ison.
1275 5420 1344 5476 tut.

240 5553 243 5558 ,
259 5496 306 5564 so,
323 5511 370 5551 sea
386 5506 444 5564 post
459 5513 577 5553 curiones
591 5497 787 5562 Arrtroetreuos,
811 5498 966 5550 inseramur
987 5508 1054 5550 cuu-
1142 5490 1207 5549 ¹¹tm
1219 5493 1305 5550 codex
1318 5491 1422 5548 Thana.
1437 5489 1473 5551 m
1487 5489 1575 5551 Oxou.
1590 5492 1678 5552 etalii
1699 5495 1820 5567 passim,
1846 5493 1901 5550 itre

259 5570 350 5623 eiham
370 5566 529 5632 Teteptease
554 5576 583 5625 et
608 5567 699 5633 regitis
724 5563 915 5628 formosarum,
938 5579 999 5635 quse
1024 5565 1050 5619 in
1107 5564 1195 5619 tensis.

260 5638 365 5692 ducebas
377 5635 439 5691 aliis
453 5634 689 5691 maonathi-emar
698 5648 882 5704 pastenaoues
895 5635 1051 5691 Constanti·
1145 5638 1153 5675 ¹
1171 5637 1261 5691 Oxou.
1274 5633 1331 5689 LX.

260 5708 432 5775 rropntunoas
451 5719 512 5773 erp.
527 5705 562 5761 un
584 5716 611 5758 ut
624 5708 669 5760 ht.
693 5707 722 5758 ta
742 5707 829 5761 oua.
852 5708 970 5778 quinque
993 5707 1051 5760 sats
1143 5707 1151 5759 i
1171 5711 1257 5764 Onou-
1271 5704 1340 5766 att.

261 5781 376 5842 capuam
393 5776 576 5846 superioribas
588 5774 761 5840 adjiciuntur.
780 5791 839 5839 oute
853 5777 880 5832 ia
896 5778 945 5833 hac
963 5778 1052 5833 isauro
