4000 6175
257 280 311 342 959
720 273 765 332 ab
784 275 894 333 OPERA
914 277 941 333 S.
962 273 1085 333 teonis
1104 272 1210 330 lttclit
1228 272 1408 329 arcentur.
1826 274 1877 365 ilb-

260 410 315 448 nrm
326 390 621 463 corroyatmnleaaatur,
637 395 664 442 at
681 387 702 442 ri
717 403 768 457 aaa
784 391 849 459 {arte
868 390 921 443 illic
942 405 1042 443 morere
1055 395 1080 452 Α
1095 386 1160 441 riam
1177 386 1272 456 prioris
1287 386 1356 441 illius
1372 400 1516 441 conaret-ns
1532 387 1667 443 refricare.
1688 386 1738 442 nisi
1749 386 1802 457 jam
1823 391 1872 449 dun

259 463 391 519 edentulis
405 471 492 517 oestroe
502 463 617 514 animum
632 467 739 527 possunt
754 459 782 512 in
796 461 885 514 cariem
899 460 1037 525 breuiario,
1092 457 1186 510 saltem
1201 471 1308 511 menses
1321 473 1337 508 a
1348 459 1440 521 [tritllis
1454 458 1751 526 ejrrsarnreousesstiur
1764 462 1867 517 irrisaant

258 534 467 605 anadilipentias
488 531 583 611 [serint
603 530 793 593 animaduersa,
808 530 835 582 in
850 531 939 583 niellus
955 534 1038 599 repor-
1091 527 1173 594 elapsi
1187 541 1194 579 τ
1208 527 1316 580 totidem
1329 541 1418 593 porro,
1434 543 1487 580 non
1498 528 1597 594 plrrres,
1615 542 1709 583 resera
1719 543 1736 582 e
1748 529 1868 589 dura-rant

259 611 368 660 irretitur.
383 602 441 655 Hac
453 615 520 655 turm
543 605 622 670 frater
635 608 658 652 et
672 599 834 666 cacpbcopur
849 609 933 652 noster
951 604 1040 669 primae
1092 594 1127 649 ab
1142 596 1183 648 illa
1198 597 1300 666 syriodo
1314 611 1374 650 cnm
1389 613 1412 649 rt
1426 596 1479 650 lual.
1491 598 1574 651 lulins
1587 610 1747 665 eorigregatn
1758 610 1807 653 est.
1818 602 1868 657 Non

258 672 528 740 rediurtrperrpcctnr
538 669 628 722 molto
638 683 691 722 saoe
700 669 830 738 yroniam
843 679 916 737 atque
930 670 1040 735 prudcn·
1092 664 1172 731 igitur
1184 667 1235 719 altr
1248 666 1300 718 init
1314 665 1443 736 synodos,
1458 668 1505 721 sed
1520 683 1623 733 magnae
1638 668 1706 722 illini
1717 671 1810 736 synoli
1823 689 1866 725 aa·

258 747 309 809 tin,
325 741 452 795 llisoar'us
464 739 574 793 scribens
591 740 625 791 ad
639 752 719 791 meam
731 740 877 806 parvitatem
892 740 1036 810 postularit.
1091 736 1189 801 ticipati
1203 750 1355 800 consessus,
1370 735 1396 789 in
1411 737 1507 803 nuribus
1521 739 1565 804 etri
1577 739 1608 789 ari
1626 740 1801 804 prestiturum
1813 756 1868 794 eriri-

258 814 297 867 En
314 813 404 881 primas
418 809 538 878 epistolar
550 818 742 877 argumentum.
1089 805 1141 858 citii
1158 806 1227 858 diem
1247 816 1439 872 converterant,
1453 818 1498 859 sut
1510 821 1571 861 eam
1584 807 1664 861 etiarn
1680 823 1867 877 praecinerant,

291 881 421 938 Secunde
434 878 564 946 epistolae,
576 879 618 932 coi
630 878 699 932 idem
714 878 841 932 utrantos
855 892 914 932 corn
928 877 988 932 aliis
999 885 1039 932 to·
1089 874 1122 928 de
1137 876 1217 929 variis
1231 876 1360 943 capitibus
1373 884 1513 931 tractatum
1527 878 1598 930 inter
1612 892 1672 930 sese
1682 878 1808 932 inierunt.
1820 881 1867 935 lni-

257 955 309 1008 tius
318 949 450 1023 generalis
460 945 778 1018 synodicartbayinensis
790 948 911 1002 Patribus
921 949 1038 1002 cntueri·
1090 946 1182 1066 {rimis
1203 944 1269 997 lecta
1295 954 1358 998 tuoe
1383 946 1433 1000 luit
1455 948 1567 1013 epistola
1584 948 1791 1017 byzacenorum,
1815 966 1867 1004 curn

258 1024 319 1091 psit,
335 1037 388 1076 non
398 1034 479 1074 onrrm
489 1033 504 1070 a
516 1018 599 1086 prima
611 1017 763 1079 discrimen,
776 1024 804 1070 et
813 1017 918 1071 diversa
929 1032 1037 1081 prorsus
1111 1013 1224 1067 retiario
1235 1015 1326 1080 otissa,
1342 1014 1429 1082 denne
1442 1018 1537 1072 eodem
1552 1032 1599 1083 per
1613 1017 1717 1070 tltzoott
1733 1018 1866 1084 epistulam

257 1091 391 1147 ronterles.
406 1089 463 1144 lion
475 1088 508 1142 ad
518 1087 666 1150 auretium,
679 1085 726 1140 sed
736 1086 897 1151 abborelio,
912 1086 1035 1151 illumin,
1089 1084 1230 1152 postulatis
1241 1084 1320 1154 742
1335 1095 1423 1140 actum
1434 1095 1537 1141 estona
1547 1101 1608 1141 enm
1631 1087 1663 1141 iis
1678 1090 1809 1157 episcopis
1827 1092 1867 1160 qai

254 1164 411 1223 esterisaue
424 1159 557 1228 episeopis
569 1158 669 1225 scripta
681 1158 727 1209 luit
742 1154 776 1209 ad
790 1157 906 1225 quirinae
919 1171 966 1210 seu
980 1172 1037 1210 airu·
1088 1168 1121 1208 ex
1137 1153 1274 1222 Byzacena
1287 1157 1421 1223 prouincia
1434 1157 1608 1211 aduenerant.

255 1246 304 1288 nee
327 1231 425 1285 Atrieae
445 1226 611 1297 provincias,
636 1225 693 1279 sola
706 1225 842 1296 Byzacena
862 1235 972 1294 excepta
987 1243 994 1278 ι
1010 1227 1036 1281 in
1126 1223 1279 1288 Enimvero,
1302 1223 1372 1293 arrad
1389 1227 1506 1279 rriaxime
1527 1225 1722 1281 observandam
1736 1227 1826 1289 selim,
1840 1231 1868 1285 li·
1958 1242 1959 1253 ¹

254 1314 339 1370 enarre
352 1298 464 1368 epistola
479 1310 532 1352 tion
544 1296 657 1362 amplius
672 1299 820 1363 postulatur
830 1303 859 1349 ut
873 1295 1036 1351 breviarium
1088 1301 1128 1346 cet
1147 1292 1226 1347 iidem
1241 1293 1275 1346 ad
1290 1294 1426 1349 Aurelium
1437 1296 1605 1364 scripsissem
1620 1312 1693 1351 esua
1712 1300 1814 1368 synoda
1824 1315 1868 1354 ao·

255 1371 319 1426 illud
334 1367 560 1431 relormetur,serl
573 1365 844 1429 breuemstatutaranr,
854 1374 884 1418 ut
897 1365 1036 1433 ibilegitur
1088 1369 1115 1416 te
1130 1377 1235 1416 menses
1251 1363 1320 1417 torte
1333 1380 1386 1419 non
1402 1379 1508 1433 paucos,
1523 1381 1574 1421 non
1591 1380 1732 1436 yrrupterea
1747 1371 1867 1437 neglexe-

254 1444 291 1510 (in
304 1439 448 1510 quaomnia
462 1438 577 1491 uidentur
596 1450 648 1488 esse
665 1436 964 1503 connumerandam
976 1435 1036 1487 dili·
1087 1439 1151 1485 rom
1173 1445 1204 1486 se
1226 1438 1329 1502 synodo
1356 1435 1473 1501 gerrernli
1500 1450 1647 1501 yrrmscnes
1668 1438 1776 1492 sistere.
1791 1439 1866 1494 lrama

252 1511 353 1580 pentius
370 1504 521 1574 constituta)
537 1505 611 1569 lauis,
626 1504 761 1571 inquiunt,
777 1505 891 1573 epistole
909 1504 983 1559 subdi
998 1507 1035 1575 pc·
1089 1513 1155 1555 roro
1168 1515 1229 1555 curn
1244 1504 1362 1569 ipsoram
1376 1519 1419 1558 res
1437 1504 1492 1560 illic
1506 1506 1599 1575 agitari
1619 1507 1759 1571 deberent,
1784 1510 1868 1576 impri-

252 1580 344 1643 cinrus,
358 1588 385 1633 ut
404 1577 569 1643 compendio,
588 1588 644 1644 que
667 1573 767 1628 decreta
785 1582 845 1628 sarit
866 1585 1033 1642 recensentes,
1087 1571 1190 1638 misane
1199 1571 1358 1626 breuiarium
1373 1573 1435 1628 illud
1443 1590 1518 1629 snam
1534 1577 1560 1628 in
1572 1576 1666 1629 melios
1676 1578 1867 1636 returruanlau

171 1656 174 1662 ’
250 1650 384 1704 sollicitius
395 1647 526 1702 olnroarc
537 1659 664 1698 curemus.
1086 1650 1268 1709 peroptarent,
1292 1644 1411 1697 omnium
1435 1644 1513 1710 primi
1534 1645 1721 1716 Carthaginem
1735 1661 1766 1702 se
1779 1662 1867 1703 eorrtrr-

287 1720 391 1776 Sirero
406 1717 485 1786 llelga
506 1715 661 1770 dissertator
674 1712 839 1782 impossibile
860 1711 991 1783 pomaerit
1004 1721 1034 1768 ut
1087 1711 1186 1775 terant,
1210 1719 1237 1765 ct
1257 1713 1365 1834 (Γιιιιειιι
1381 1713 1497 1770 marimo
1512 1730 1633 1777 numero,
1658 1717 1729 1784 quod
1749 1716 1825 1774 iacile
1837 1734 1866 1774 er

251 1804 330 1844 tinam
357 1789 483 1843 llisonius
508 1784 645 1851 scripserit
659 1783 692 1838 ad
704 1784 842 1838 Aurelium
858 1799 875 1839 e
897 1784 1034 1852 Byzacena
1050 1757 1074 1819 B
1088 1779 1177 1835 relatis
1191 1778 1262 1835 Aure
1274 1782 1291 1836 li
1304 1784 1394 1837 uerbis
1411 1784 1647 1853 deprehendimus,
1664 1795 1693 1840 et
1706 1802 1739 1841 er
1756 1788 1798 1842 bis
1813 1790 1866 1844 aliis

250 1858 397 1928 prouincia,
408 1869 434 1910 et
448 1856 524 1910 alteri
534 1869 594 1909 curn
607 1853 714 1909 Aurelio
725 1852 1033 1918 subscripseritCrrtlra·
1086 1865 1145 1917 aare
1173 1851 1293 1918 proxime
1315 1863 1465 1921 setpruntur
1483 1854 1558 1910 :Sed
1584 1870 1643 1908 cum
1664 1862 1867 1913 consacerdotii»

247 1930 320 1996 ptine,
329 1927 555 1995 nodaminsrirpo
563 1923 753 1995 quantalibet
764 1923 835 1977 enirn
844 1922 947 1978 lucilius
955 1938 1034 1994 tynam
1085 1930 1231 1973 nostrorum
1244 1922 1353 1988 epistola
1366 1921 1556 1991 Byzaccuarum
1578 1925 1669 1994 inisset
1692 1929 1809 1990 recitata,
1831 1931 1867 1982 asi

248 1999 362 2056 alterum
376 1995 452 2053 alteri
465 1996 620 2050 conciliare.
633 1993 768 2049 liticenim
780 2007 844 2048 vero
855 2008 926 2061 saepe
935 1994 1034 2063 sepios
1083 1991 1145 2058 quid
1159 2005 1257 2043 metum
1270 1991 1360 2058 iidem,
1375 1994 1419 2061 qai
1435 2003 1531 2061 ternpus
1544 2005 1567 2049 et
1579 1995 1646 2048 dican
1659 1998 1762 2050 concilii
1775 2014 1864 2067 prere
1958 2040 1959 2069 ,

248 2084 297 2124 usu
308 2068 389 2135 venir,
405 2074 434 2121 ot
447 2065 665 2135 metropolitanus
678 2065 722 2133 qui
735 2062 888 2125 risorioeirli
898 2066 1034 2133 coepisco·
1083 2071 1182 2127 auant,
1198 2068 1360 2125 tractassent,
1376 2072 1463 2116 uestra
1474 2066 1593 2117 claritati
1603 2067 1736 2133 tereretur,
1751 2066 1815 2119 lectu
1829 2077 1862 2120 ert

248 2154 341 2204 porum
353 2151 461 2193 suorum
480 2136 677 2204 congregationi
693 2131 1034 2204 praeluit,snbscripsitane
1083 2129 1159 2182 erton
1183 2145 1200 2182 a
1220 2132 1341 2196 tratribus
1369 2130 1500 2187 lionorato
1521 2133 1864 2202 arbrenuntiamus

247 2209 336 2264 libello
359 2222 412 2278 quo
428 2205 547 2272 deputati
561 2209 594 2259 ad
620 2204 753 2274 generalia
773 2202 881 2258 coniitia
907 2203 1034 2269 deleran-
1084 2198 1160 2280 leodic
1172 2200 1279 2254 canutio
1289 2201 1483 2271 praecinuntur,
1496 2205 1589 2275 icauna
1598 2206 1727 2274 Sitiscrrsis
1738 2208 1865 2272 pronincia

246 2288 299 2345 tur,
312 2277 486 2348 epistolisque
498 2290 545 2331 seu
556 2274 776 2329 insecutionibus
792 2283 839 2328 aut
855 2274 1033 2328 commonito·
1084 2270 1223 2334 destructa,
1238 2277 1291 2323 etc.
1310 2271 1406 2325 lerum
1429 2288 1490 2327 curn
1512 2278 1546 2328 dc
1558 2274 1605 2328 illo
1626 2276 1762 2330 breviario
1782 2292 1865 2333 caran

246 2348 337 2404 riisad
348 2348 391 2402 illa
402 2347 519 2409 directis,
533 2346 603 2399 idem
624 2354 715 2411 postea
732 2344 854 2398 comitiis*
862 2343 1032 2413 generalibus
1082 2341 1186 2408 synodo
1198 2339 1315 2394 nondum
1339 2356 1481 2396 nurneresa
1504 2357 1553 2398 nec
1569 2343 1747 2411 plunaactum
1763 2345 1862 2411 fuisset,

246 2419 352 2474 intersit
364 2418 522 2485 smurtisque
533 2424 560 2470 et
572 2413 706 2484 synodicis
719 2413 879 2468 subscribat.
1086 2410 1318 2477 (exspectabantur
1332 2414 1402 2466 enim
1420 2412 1550 2467 llrrnddiaa
1566 2414 1694 2482 episcopi.
1711 2427 1757 2469 aut
1776 2421 1863 2471 saltora

280 2488 337 2542 lion
350 2485 464 2541 arbitror
479 2493 568 2540 tamen
580 2485 674 2538 eadem
700 2498 810 2551 prorsus
831 2484 935 2538 ratione
956 2498 1029 2550 rem,
1081 2493 1175 2533 eorum
1191 2479 1280 2551 legati>
1295 2479 1391 2536 iterum
1403 2496 1493 2538 coram
1509 2484 1612 2554 synodo
1623 2484 1678 2553 jam
1691 2483 1863 2555 ireryuentiari

246 2556 280 2613 de
299 2571 352 2628 aaa
366 2556 478 2624 nuaestio
501 2562 640 2619 mouetur,
654 2553 808 2623 contigisse,
823 2552 903 2624 741
918 2553 965 2609 sed
979 2555 1031 2609 isto
1080 2549 1173 2604 ellectu
1185 2549 1252 2604 lecta
1267 2561 1309 2605 est
1323 2552 1520 2622 byzacenorum
1534 2555 1646 2622 epistola
1660 2571 1711 2610 nna
1724 2571 1785 2610 carro
1805 2557 1863 2611 bre·
1958 2566 1959 2569 ’

246 2625 334 2695 purim
344 2627 434 2683 murto,
451 2623 593 2695 Postquam
605 2622 789 2692 lltppenenses
800 2626 951 2678 secretiores
963 2638 1029 2679 eon.
1082 2620 1174 2686 rianio,
1186 2623 1358 2688 artioremque
1373 2623 1478 2677 Parrum
1488 2622 1591 2689 judicio
1601 2624 1724 2694 sulijeeta
1737 2636 1799 2680 sunt
1809 2641 1863 2695 aaa
1958 2626 1959 2635 ’

244 2696 307 2753 rlitae
319 2697 446 2760 luissent,
460 2704 487 2751 et
502 2695 529 2749 in
551 2695 701 2760 provincias
721 2696 827 2756 missa,
846 2695 907 2764 quia
931 2695 1030 2750 abusus
1081 2689 1115 2744 de
1129 2699 1242 2757 utroque
1253 2691 1279 2745 in
1295 2692 1429 2760 prioribus
1441 2694 1613 2748 corrsessibus
1627 2694 1862 2751 lucrantinroelias

245 2769 313 2823 bene
325 2767 400 2821 matti
415 2780 464 2833 per
478 2762 779 2829 illasrcseindcbantor,
798 2779 850 2817 non
866 2764 915 2818 nisi
930 2778 1029 2832 apres
1081 2758 1238 2823 reformata,
1259 2769 1288 2815 ut
1301 2763 1426 2828 superius
1442 2763 1594 2830 retulimus,
1607 2765 1749 2836 descriptis
1770 2767 1864 2821 Aurelii

245 2838 366 2903 plurimis
379 2844 494 2898 recepta
516 2844 589 2899 sont,
609 2834 691 2888 irrrrno
704 2832 831 2888 effrenata
847 2834 997 2888 terraeritate
1012 2846 1028 2888 a
1081 2830 1115 2884 de
1130 2829 1175 2883 ttta
1189 2831 1302 2898 epistola
1316 2840 1344 2885 et
1356 2831 1491 2887 breviario
1503 2833 1606 2890 verbis.

243 2908 401 2976 quibu-dum
420 2903 685 2969 minimceustodltre,
697 2912 726 2957 ιιι
738 2912 828 2957 narrat
839 2903 975 2972 synodica.
988 2904 1029 2957 lid
1117 2900 1391 2970 Byzacenosconeilio
1402 2903 1610 2968 intermiscuit·
1622 2913 1651 2960 ιιι
1664 2914 1778 2960 ceteros
1789 2905 1863 2961 etiarn

244 2974 394 3029 lirr'nsmodi
409 2973 576 3028 excusandos
588 2987 714 3027 excessus
727 2971 762 3024 nb
774 2973 907 3041 aliquibus
917 2984 1029 3041 premn-
1081 2972 1286 3037 praerenissent,
1300 2973 1349 3026 etsi
1362 2975 1429 3027 satis
1444 2974 1562 3028 indicant
1574 2974 1620 3029 illa
1643 2975 1744 3031 Aurelii
1759 2979 1835 3031 rerba
1853 2995 1861 3028 ι

244 2992 356 3100 deictus
365 3041 437 3115 qaod
447 3057 477 3097 ea
488 3056 548 3111 quc
555 3042 713 3109 jamdudum
724 3043 929 3111 legilrasatatnta
940 3052 1026 3106 erant,
1081 3040 1151 3104 Quid
1165 3055 1263 3095 mecum
1278 3042 1365 3108 iidrnr,
1377 3044 1421 3113 qni
1432 3052 1530 3114 tempus
1542 3051 1565 3099 ct
1579 3044 1645 3099 diem
1659 3046 1761 3100 canalii
1772 3061 1861 3117 presa

244 3115 397 3182 ignorantes
410 3112 646 3181 praetermiserant.
663 3112 720 3166 lloc
732 3111 817 3181 ipsum
832 3121 920 3166 autern
935 3114 961 3168 in
975 3114 1026 3185 try·
1043 3124 1066 3187 ρ
1082 3120 1181 3175 norant,
1194 3119 1361 3178 tractassent,
1373 3113 1694 3185 iltudsecondoprobator
1704 3117 1863 3186 exappositis

243 3185 348 3240 racenis
357 3183 503 3252 presertim
515 3182 744 3242 loeurobabuisre,
755 3193 782 3235 et
795 3181 951 3251 ignorantiae
962 3198 1031 3252 pru·
1083 3181 1217 3235 breviario
1240 3181 1295 3250 y'am
1307 3182 1335 3236 in
1351 3184 1448 3239 melias
1460 3182 1605 3241 reformato
1619 3188 1859 3255 sutrerlptinotbus.

243 3264 321 3309 terta
340 3252 540 3310 excusationem
561 3251 596 3305 ab
611 3251 713 3306 eisdem
728 3249 811 3306 iniisse
827 3253 1028 3321 adumbratam,
1078 3249 1146 3304 llam
1158 3258 1218 3320 poa
1229 3252 1369 3306 liconiam
1382 3254 1473 3320 primae
1486 3256 1559 3308 sedis
1569 3255 1595 3309 in
1611 3256 1779 3326 llyaacenae
1799 3260 1860 3310 iseo

244 3321 618 3390 rionobscoreinnoantlpsa
636 3321 770 3392 synodicae
786 3321 866 3379 rerba
885 3330 913 3376 ct
930 3324 1029 3378 aliaeu
1080 3333 1144 3388 puni
1164 3321 1334 3376 subscribunt
1352 3321 1514 3377 Victorianus
1529 3323 1744 3394 llasciliuncnsis,
1824 3328 1859 3378 is·

241 3393 443 3462 carthaginensi
457 3390 572 3447 coneilio
589 3393 711 3460 superior
728 3389 877 3459 descripta:
888 3406 923 3446 ea
934 3393 1029 3458 auibus
1080 3389 1220 3459 nurplebr'r
1234 3387 1402 3455 Tantir’tunu,
1428 3393 1513 3446 Ninus
1526 3393 1734 3456 landrianensis,
1751 3345 1860 3450 Pltisslt·

241 3473 326 3532 putet,
338 3475 391 3519 eta
408 3459 551 3533 byzacenis
561 3460 693 3530 episeopis
703 3460 863 3515 breviarium
877 3461 1029 3531 llipponen·
1079 3459 1136 3582 {ists
1150 3460 1336 3522 Arlrttmelt'ttoe.
1355 3474 1377 3515 et
1391 3461 1477 3517 Feros
1489 3462 1679 3518 Marcionensis
1691 3483 1702 3520 .·
1715 3467 1761 3535 aui
1773 3479 1858 3519 scortes

241 3537 310 3590 sium
321 3546 453 3590 mnorrum
468 3532 577 3585 missum
593 3531 716 3586 iai-send
732 3532 878 3598 burrellum,
896 3543 1029 3588 ntrorsus
1102 3543 1226 3598 ysacenae
1249 3534 1392 3600 provinciae
1411 3533 1528 3602 episcopi
1551 3546 1637 3589 erant.
1654 3536 1731 3602 Quod
1755 3539 1820 3590 enim
1834 3550 1858 3587 rs

242 3607 450 3669 examinaretur,
465 3615 496 3656 ac
510 3602 532 3654 si
547 3616 614 3669 opus
628 3609 699 3654 esset
717 3601 744 3654 in
758 3600 854 3654 melius
867 3601 1029 3656 reiormare·
1080 3601 1193 3667 uulgaris
1212 3601 1306 3669 lectur
1317 3601 1450 3667 dopmnus
1471 3602 1685 3675 Tarnequdensis,
1707 3605 1790 3660 Ninus
1810 3604 1860 3658 ls-

243 3670 1029 3742 tur,ctillndidemadByaicerrnmpostmodumprovin·
1079 3668 1234 3724 baltancasis
1252 3680 1276 3724 ct
1304 3670 1390 3726 Fcroc
1417 3671 1583 3740 lineriensis,
1615 3676 1762 3729 scribarum
1795 3675 1861 3728 osci·

242 3746 311 3800 ciam
327 3745 466 3798 remissurn
493 3739 584 3807 luisse,
605 3740 652 3796 scd
675 3740 845 3796 emendatam
861 3756 891 3806 ac
907 3743 1028 3811 pluribus
1079 3738 1171 3794 martire
1184 3740 1369 3796 ascribendum
1391 3758 1399 3796 ι
1416 3743 1568 3812 tamugade
1589 3745 1688 3811 quittae
1704 3742 1860 3799 inbannitis

240 3812 389 3871 canonibus
400 3822 519 3866 anctum.
1078 3817 1147 3872 erat,
1171 3825 1186 3864 e
1206 3826 1257 3880 qua
1271 3827 1305 3866 ne
1320 3812 1397 3881 legati
1419 3813 1526 3883 tydidem
1538 3814 1569 3866 atl
1582 3815 1715 3885 synodum
1729 3822 1859 3876 reserant,

277 3885 393 3951 lleeepta
406 3896 440 3951 ep
451 3883 518 3935 stola
535 3881 738 3952 liyzacersium,
755 3896 808 3936 non
830 3881 863 3936 ad
878 3882 1024 3953 synodum,
1079 3893 1109 3935 ut
1121 3892 1294 3947 conrynernur
1306 3882 1431 3936 suranus
1444 3901 1451 3935 :
1465 3892 1492 3937 et
1503 3882 1649 3938 verisimile
1663 3896 1705 3938 cst
1717 3887 1800 3938 solnm
1810 3882 1860 3936 lle·

242 3955 290 4011 sed
304 3952 485 4008 adburel'om
500 3955 609 4021 scripta,
626 3962 654 4005 ut
674 3950 733 4020 ipse
747 3951 854 4005 disertis
873 3954 960 4006 uerbis
983 3967 1028 4007 as·
1078 3953 1169 4019 gitium
1186 3950 1391 4019 l'cgcsilitannm
1412 3954 1437 4004 in
1451 3967 1482 4006 ea
1497 3955 1630 4021 prouincia
1644 3957 1807 4023 episcopum,
1817 3952 1859 4018 nni

243 4025 320 4091 serit,
333 4037 389 4078 rem
405 4023 481 4077 istam
497 4021 671 4089 majorisesse
683 4022 810 4076 nromenti
821 4023 935 4086 censuit,
946 4038 1025 4089 quarn
1079 4023 1147 4075 lrrrte
1173 4023 1242 4086 apud
1275 4022 1464 4089 cartilaginem
1496 4026 1663 4092 propriorum
1698 4025 1858 4094 negotiorum

243 4106 271 4149 ut
282 4096 338 4164 ipse
351 4090 425 4147 solas
438 4090 471 4145 de
483 4105 513 4144 ea
531 4090 675 4159 qatdqoanr
691 4091 860 4157 decerneret,
877 4106 925 4145 nea
946 4107 1027 4164 syno-
1078 4104 1158 4145 causa
1173 4100 1236 4145 tunc
1248 4093 1414 4153 versabatur,
1430 4093 1582 4146 intermisse
1593 4094 1708 4165 synodo,
1721 4098 1746 4147 in
1759 4108 1807 4162 ana
1817 4092 1860 4144 lit·

241 4165 268 4218 di
282 4162 416 4233 generalis
437 4170 535 4215 starum
551 4160 630 4214 aliter
644 4175 724 4226 tynam
740 4161 767 4215 in
782 4162 832 4216 alia
853 4169 968 4230 generati
981 4177 1027 4233 sy=
1080 4171 1149 4215 teras
1164 4161 1346 4215 enascentium
1357 4177 1424 4231 prun
1434 4182 1448 4210 r·
1461 4163 1658 4232 sedisepiseopi
1669 4167 1795 4218 recitarit.
1808 4160 1858 4215 Tc·

241 4235 313 4290 nodo
327 4232 465 4286 retractari
478 4230 669 4285 arrturneadari
686 4245 764 4298 prosse
776 4232 948 4286 cristiniavit.
964 4231 1027 4288 Sire
1079 4229 1243 4285 balianensis
1258 4231 1353 4286 ciuitas
1366 4247 1400 4285 an
1415 4231 1559 4301 aliqnando
1573 4236 1662 4300 lamnis,
1678 4234 1778 4301 ignoro,
1790 4235 1858 4298 igno·

239 4299 736 4371 cartemjamindictaessetsynndus‚
754 4303 811 4355 sire
831 4317 862 4356 ea
885 4305 1028 4358 occasione
1076 4316 1206 4367 nisserpie
1233 4313 1332 4367 pariter
1363 4303 1486 4356 ridentur
1519 4314 1649 4372 ntrotnrmt
1681 4304 1856 4359 stricturam

239 4376 408 4440 alarumque
439 4373 605 4438 negotiorum
631 4371 828 4425 tracmrnlorom
850 4386 929 4427 causa
955 4374 1026 4427 illam
1078 4371 1275 4439 prouinciarum
1304 4372 1423 4425 rrotitiam
1450 4386 1590 4426 recensere
1616 4384 1664 4427 ant
1691 4367 1857 4429 eorrrnrentarl

240 4442 525 4509 auraliusrarroyarr‘r,
541 4453 594 4509 quo
607 4444 689 4496 verbo
707 4445 773 4496 scite
787 4443 845 4509 ipre
864 4443 957 4507 utitur,
971 4442 1026 4512 jain
1078 4442 1195 4506 aggressi
1213 4451 1285 4494 sont.
1302 4441 1381 4495 llaeri
1397 4442 1512 4510 denique
1530 4453 1558 4498 et
1576 4443 1729 4497 liserenses
1746 4459 1790 4497 serr
1804 4440 1856 4495 ilt-

239 4528 273 4567 ea
287 4522 364 4581 patrie
374 4519 532 4580 congregata
555 4512 598 4563 illa
613 4510 696 4566 tolssc
720 4511 826 4565 ridetur
844 4522 920 4566 sesto
934 4511 1027 4566 karlen·
1041 4487 1065 4547 Ῑ)
1078 4513 1197 4564 cricoses
1211 4514 1329 4580 episcopi
1338 4513 1369 4564 ad
1383 4516 1599 4578 proconsularem
1612 4515 1772 4580 pror-inciam
1783 4510 1856 4580 per-i·

239 4583 289 4635 das
309 4582 392 4636 iollas
406 4581 527 4648 eiusdem
540 4580 602 4633 amri
622 4581 684 4645 aar,
698 4583 733 4634 ita
743 4592 772 4635 ut
783 4582 861 4636 luersst
874 4583 947 4635 reluat
957 4597 1026 4648 prn-
1079 4581 1188 4644 nebant,
1203 4597 1218 4633 e
1231 4596 1283 4649 nan
1301 4583 1408 4635 unicum
1424 4582 1494 4635 inter
1509 4584 1661 4654 byzacenus
1673 4581 1855 4640 sulrserirsisse

240 4653 341 4704 ludium
355 4650 489 4718 generalis
498 4648 608 4719 synodi,
623 4664 683 4718 quire
702 4652 781 4719 longe
796 4650 890 4718 rrrrrjori
912 4666 1026 4706 nurnero
1077 4663 1170 4719 parram
1182 4652 1309 4705 eredibi'e
1323 4661 1374 4705 cst.
1389 4651 1443 4704 Cor
1455 4662 1542 4706 utitem
1558 4669 1611 4720 prae
1623 4653 1683 4706 aliis
1698 4654 1855 4714 subscripse-

242 4719 341 4775 snaluit
354 4717 506 4773 ritalendas
519 4720 685 4786 Septembris
697 4720 817 4787 eiusdem
831 4727 904 4774 anni.
921 4721 961 4774 dd
977 4724 1027 4774 liu·
1078 4721 1133 4773 rint
1152 4719 1291 4791 Byauecni,
1308 4720 1387 4774 obvia
1398 4735 1433 4776 es
1447 4722 1525 4776 dictis
1537 4730 1579 4774 est
1593 4723 1671 4776 ratio.
1685 4724 1713 4775 ln
1729 4724 1854 4790 liyaarert

236 4792 281 4859 jus
298 4788 370 4844 enim
383 4789 486 4843 calcem
502 4789 559 4841 bace
573 4787 703 4841 barbentur
717 4791 743 4842 in
756 4788 853 4843 Codice
876 4788 1024 4844 niricano':
1077 4801 1145 4843 orta
1158 4798 1234 4843 eram
1247 4790 1420 4844 dliieultates
1437 4792 1509 4845 circa
1524 4791 1706 4859 llipponeusia
1722 4801 1854 4850 statarius

237 4859 350 4915 Censorio
363 4867 387 4913 et
400 4860 483 4912 Attico
494 4872 532 4910 rs,
546 4872 583 4911 rc.
598 4872 693 4923 conss„
709 4868 781 4912 serto
794 4857 952 4925 latialias,
964 4860 1027 4915 Car·
1079 4857 1221 4929 Byzacenis
1237 4875 1267 4913 ea
1287 4860 1321 4914 de
1339 4875 1369 4915 re
1388 4863 1528 4915 consultus
1547 4865 1632 4915 torreat
1651 4865 1787 4920 Aurelian
1806 4861 1854 4909 bac

238 4930 352 4999 tbayine,
380 4928 477 4998 placuit
501 4935 530 4980 ut
550 4926 638 4980 nulus
659 4929 835 4995 episcoporum
849 4931 948 4998 naaiyct
971 4930 1026 4984 siue
1077 4929 1134 4992 ipsa
1150 4939 1212 4984 ante
1232 4930 1322 4984 omnia
1345 4929 1378 4983 nd
1392 4928 1472 4999 *ΜΒ
1494 4936 1624 5001 synodum
1645 4932 1733 4984 delata
1748 4929 1853 4986 tuerent.

236 5002 348 5072 sarmata
362 4996 487 5069 primatis.
508 4995 584 5050 Gesta
595 4997 621 5049 in
641 4998 794 5051 authenticis
807 4999 850 5069 arti
862 5008 967 5069 onaret,
983 5001 1025 5052 in·
1077 4997 1222 5069 Byzacenis
1243 5000 1392 5068 pracsertim
1419 5003 1580 5054 incurrebas
1608 5004 1634 5055 in
1659 5001 1755 5054 mellus
1778 4997 1853 5073 reior-

235 5075 325 5126 ocniet.
340 5070 404 5136 Quae
419 5070 500 5121 rerba
513 5068 535 5120 si
548 5066 721 5121 conferantur
734 5082 795 5121 curn
818 5070 859 5123 bis
871 5085 930 5137 aare
946 5085 961 5122 r
977 5067 1026 5129 lta,-
1076 5083 1148 5122 straza
1162 5078 1261 5122 statuta
1278 5071 1382 5123 inierant
1398 5085 1404 5120 :
1419 5076 1443 5122 el
1467 5071 1596 5123 conrrrruni
1620 5071 1730 5123 coincilio
1751 5080 1853 5133 peram·

234 5137 1024 5208 terraseptembrtacyriadematiniprelatusestaarettus
1073 5154 1172 5191 oeream
1197 5136 1359 5208 Byzacenam
1386 5140 1413 5190 in
1438 5141 1556 5194 notitiam
1586 5140 1684 5192 cunetis
1716 5133 1851 5193 dedamis

235 5212 331 5279 inipso
345 5209 452 5265 concilii
462 5207 594 5275 generalis
604 5210 727 5272 csrrrdio,
741 5208 884 5274 constabit,
897 5209 924 5262 ni
933 5209 1022 5273 lallor,
1075 5211 1230 5272 cerrsuimas,
1247 5210 1382 5277 inspiciunt,
1396 5219 1425 5261 ut
1440 5209 1472 5261 ab
1485 5209 1662 5277 birrcaairuuia
1676 5217 1852 5262 temeratores·

237 5297 287 5333 noo
303 5280 404 5333 dealio
428 5277 543 5330 criticilio
565 5292 625 5330 esse
648 5277 820 5345 intelligenda
846 5293 924 5347 quiam
950 5280 1021 5347 ryttod
1072 5279 1175 5343 stiterit,
1199 5279 1265 5330 sciat
1288 5293 1316 5331 se
1338 5287 1418 5331 status
1440 5278 1481 5332 sui
1503 5287 1635 5347 operatum
1658 5294 1712 5332 esse
1721 5280 1850 5348 jacturos·

234 5361 311 5403 serto
328 5347 380 5402 ltal.
398 5346 651 5400 lrrlrasincltoatnm
679 5348 775 5401 luerat.
791 5346 854 5401 Post
878 5349 956 5412 diem,
979 5350 1021 5402 in·
1073 5346 1167 5400 llerito
1187 5349 1266 5416 igtur
1288 5348 1486 5419 byzacenorum
1511 5349 1700 5413 cpiscoporum
1714 5353 1849 5418 casuraque

157 5473 175 5484 κ
234 5421 301 5484 «put,
316 5417 483 5485 prestiturum
493 5416 592 5469 coricilii
605 5418 776 5479 consedimus,
788 5426 816 5468 ut
837 5417 1017 5483 recordamini,
1073 5418 1195 5486 priittatis
1208 5418 1316 5471 rrtttrtine
1336 5429 1364 5471 et
1376 5419 1536 5470 arictoritate
1559 5426 1689 5471 munitum
1705 5425 1743 5470 ist
1756 5419 1850 5466 bretti·

222 5492 325 5553 st'ratres
345 5486 490 5548 beat'srirm',
505 5496 528 5539 st
548 5486 735 5538 arbitrabamur
748 5487 860 5539 omniunt
875 5489 1020 5556 prouincia·
1073 5489 1153 5548 rirrrn,
1168 5496 1197 5538 nt
1218 5488 1263 5556 qui
1279 5502 1326 5553 per
1341 5487 1505 5554 prorirrcram
1521 5486 1593 5539 illam
1608 5483 1759 5554 igrioramie
1771 5482 1849 5534 retum

233 5572 288 5608 ram
304 5572 348 5623 per
369 5556 482 5622 Africam
507 5557 644 5622 leyationes
668 5558 813 5609 carroenisse
840 5560 874 5609 ad
889 5557 967 5622 diem,
991 5566 1019 5608 ut
1073 5556 1216 5624 protervire
1228 5570 1285 5610 sure
1298 5565 1326 5610 et
1339 5556 1527 5611 inobedientiae
1538 5557 1602 5610 olim
1613 5555 1793 5614 aureatenses.
1806 5550 1848 5599 δι’*

234 5626 298 5687 arci,
325 5627 490 5692 partiturum
510 5624 590 5676 nostri
616 5634 750 5677 tractatur.
774 5625 856 5678 Porro
877 5640 929 5678 non
953 5639 1021 5694 opas
1072 5625 1245 5693 quidsirnite,
1258 5624 1569 5694 saornrnepiseoporam
1584 5616 1849 5680 auctoritateiscllttss

234 5695 369 5748 babuisset
385 5692 507 5746 aurelius
522 5691 591 5763 apud
610 5695 815 5748 consacerdotes·
830 5708 893 5749 siros
916 5710 1020 5751 metuo·
1072 5697 1105 5749 ad
1120 5695 1258 5751 meliorem
1273 5696 1376 5761 tranem
1391 5693 1594 5751 reducerentur.
1619 5693 1703 5752 Porro
1723 5703 1778 5747 cunt
1793 5683 1848 5750 pla·
