4000 6175
131 262 142 285 ⁰
241 299 294 353 sta
711 293 755 347 an
774 289 890 347 orsna
910 290 940 348 s.
960 289 1083 347 teonis
1103 289 1209 348 unctu
1229 291 1411 350 urrunnu.
1834 301 1881 358 g„

244 412 356 481 delicta,
384 420 410 468 el
432 412 557 483 qnoniam
580 408 705 464 omnibus
730 407 861 478 patelacta
876 405 959 463 celari
982 422 1035 462 non
1050 405 1150 470 Adero
1162 406 1426 478 dederuntcpiscopi
1438 423 1549 475 riomen,
1560 410 1606 481 qui
1619 425 1669 467 nec
1680 412 1817 485 presbyter
1829 425 1877 474 est
1962 406 1963 437 ⁴

245 514 386 576 poterant,
400 502 539 560 sardicam
553 511 747 572 pervenerunt,
764 515 817 570 qno
831 516 878 569 per
893 514 972 555 sunm
992 499 1041 554 ad·
1090 501 1269 556 decurrentes
1283 501 1355 557 enim
1374 503 1428 557 duo
1438 502 1589 574 presbyteri
1605 505 1650 575 qui
1664 505 1798 574 quondam
1822 523 1878 565 curn
1962 520 1963 523 ’

244 604 353 653 rentum
368 593 530 651 sinceritatis
541 593 695 663 opinionem
710 591 941 662 acquirantiisis
951 591 1041 661 itaque
1091 589 1192 644 tleltuo
1204 589 1326 660 luerunt,
1348 592 1519 660 postmodum
1533 599 1623 651 autem
1641 609 1655 648 a
1674 594 1752 650 beato
1767 595 1878 652 hieran·
1962 606 1963 673 J

245 688 303 749 his,
317 684 413 754 mribus
426 684 575 739 calumnias
588 680 749 755 ingerebant
764 698 777 735 a
795 698 826 738 se
838 680 945 738 afflictis
960 694 1041 736 accu-
1091 682 1140 733 dro
1156 690 1219 736 trine
1231 682 1360 752 episeopo
1372 681 1545 739 alexandrie
1557 687 1686 753 suscepti,
1701 696 1728 741 et
1742 702 1876 746 rturrcrum
1962 680 1963 757 ζ

245 782 389 846 sutoribus,
402 779 588 835 testibusante
598 778 839 846 oculosinspectis,
849 777 937 832 roeati
945 775 1041 831 restire
1091 774 1238 829 Athanasio
1257 775 1413 846 constituti,
1429 775 1611 833 testinnonium
1631 777 1876 846 pra-bueruntlnne
1962 772 1963 799 i

209 875 211 881 ’
244 888 297 929 non
316 878 457 942 poterant,
472 870 665 927 comministris
687 869 812 925 videlicet
834 869 933 924 nostris
955 864 1041 922 dtba·
1091 880 1226 935 nunqnam
1241 866 1332 922 llelitii
1350 865 1649 937 lnissspresbyterum,
1664 868 1875 924 etomninonun

246 963 337 1026 nasio,
352 960 480 1019 biarcello
497 971 523 1017 et
541 960 656 1033 Asclepa
677 960 761 1016 multa
786 960 841 1014 usis
859 957 1039 1025 confidentia,
1091 959 1216 1014 imbuisse
1228 959 1358 1015 blelitinm
1372 959 1441 1029 apud
1456 959 1601 1014 Mareotam
1617 958 1765 1015 Ecclesiam
1776 961 1818 1015 rel
1834 964 1876 1017 mi·

244 1054 466 1125 implorantibus,
481 1061 509 1110 et
527 1053 702 1125 urgentibus,
716 1062 797 1121 atque
810 1051 1038 1127 provocantibus,
1091 1051 1205 1107 nistrurn
1217 1069 1225 1114 ;
1237 1065 1264 1108 et
1276 1062 1364 1108 tamen
1376 1068 1437 1109 curri
1452 1055 1497 1123 qui
1510 1068 1561 1111 trec
1571 1064 1644 1111 esset
1660 1056 1800 1127 presbyter
1812 1071 1877 1113 nune
1962 1070 1963 1081 ³

205 1200 207 1205 ,
243 1156 273 1203 ct
295 1146 485 1217 pollicentibus
507 1159 615 1216 quoquo
628 1159 681 1200 non
700 1144 787 1199 solum
808 1158 902 1200 eorum
925 1157 1040 1213 arguere
1090 1159 1140 1210 pro
1153 1146 1280 1216 episeopo
1305 1145 1501 1216 produxerunt,
1516 1158 1545 1201 ut
1561 1147 1612 1202 boc
1625 1149 1734 1205 nornine
1755 1148 1876 1218 obstupe

200 1218 207 1321 j
244 1234 419 1302 calumniam,
430 1234 478 1291 sed
491 1236 602 1306 insuper
613 1234 801 1291 demonstrare
812 1232 959 1309 qaae[drge
968 1233 1039 1290 deli·
1090 1233 1187 1289 iaciant
1201 1234 1339 1291 audientes
1351 1249 1444 1292 eornm
1458 1235 1617 1293 ealrrmnias.
1789 1246 1795 1277 r

244 1323 363 1399 queriut]
378 1326 537 1397 reliquerint
557 1326 584 1380 in
605 1324 734 1381 Ecclesils
746 1325 878 1396 ipsorum.
894 1322 934 1378 lili
948 1332 1038 1404 autem
1126 1325 1222 1381 Lectus
1245 1335 1287 1380 est
1305 1334 1394 1382 autem
1413 1326 1482 1383 liber
1496 1326 1675 1383 conrnrinistri
1701 1327 1785 1381 nostri
1812 1327 1877 1383 liar·
1962 1392 1963 1411 Χ

244 1429 321 1475 tanto
338 1418 437 1475 timore
454 1417 576 1488 percussi
591 1426 668 1484 sunt,
685 1427 715 1473 ut
728 1417 810 1473 etiem
826 1424 995 1472 verterentur
1011 1415 1038 1471 in
1089 1416 1160 1478 cclii,
1172 1426 1199 1471 et
1214 1418 1374 1472 insentaest
1386 1416 1490 1472 Eusebii
1505 1418 1704 1473 commendatio
1714 1416 1793 1490 [depe
1807 1432 1879 1503 com¹

246 1511 346 1582 lugam,
360 1524 391 1565 ac
400 1523 448 1580 per
459 1522 519 1565 eam
534 1508 665 1582 [delendi
675 1505 777 1579 lugam]
788 1522 864 1562 suam
876 1507 1038 1565 calumniam
1091 1507 1245 1580 ntentatiol.
1261 1508 1327 1576 Qua
1341 1509 1413 1564 enirn
1427 1510 1562 1579 proposita
1576 1514 1727 1580 questione
1741 1510 1877 1567 Marcellus

245 1603 463 1658 demonstrarent
478 1610 506 1657 et
520 1598 617 1655 delicta
632 1599 790 1655 laterentnr.
809 1598 843 1654 Et
859 1598 922 1654 iicet
935 1613 970 1655 er
987 1598 1039 1655 boc
1090 1601 1215 1666 dicebat,
1241 1601 1300 1659 bec
1327 1611 1452 1674 tanquam
1466 1603 1500 1658 ab
1515 1603 1574 1673 ipso
1591 1604 1714 1659 centena
1736 1603 1876 1673 lingebant.

245 1692 318 1762 quod
328 1692 474 1759 noluerint,
487 1699 515 1748 et
526 1707 580 1749 non
595 1692 683 1748 solum
695 1707 727 1748 er
744 1692 887 1761 prioribus,
898 1691 1037 1748 sedetiam
1089 1695 1173 1750 Lecta
1190 1702 1252 1750 sunt
1267 1694 1357 1765 igitur,
1373 1706 1401 1751 et
1415 1695 1473 1751 baec
1486 1707 1514 1751 et
1529 1697 1667 1765 sequentia
1680 1693 1734 1751 etb
1749 1696 1878 1766 praeterita
1962 1670 1963 1691 ¹

244 1798 281 1841 ex
308 1784 485 1855 presentibus
511 1784 631 1853 ipserum
659 1785 777 1841 versatio
804 1782 883 1856 [begs
908 1781 1037 1855 uersutia]
1052 1768 1076 1831 Β
1091 1782 1286 1852 questionum,
1307 1795 1335 1841 et
1355 1768 1427 1840 recta
1441 1784 1508 1841 tides
1529 1785 1579 1840 riri
1593 1794 1699 1856 reperta
1714 1797 1773 1852 cst;
1798 1800 1878 1853 neque
1962 1794 1963 1809 ¹

244 1878 416 1948 comprobata
427 1885 483 1943 est;
493 1884 583 1932 tamen
595 1874 707 1948 [supple
716 1875 762 1947 ne]
775 1891 808 1931 ex
819 1874 880 1945 luga
894 1873 1038 1945 quamdam
1090 1873 1190 1928 enims
1210 1883 1303 1929 sancta
1324 1874 1424 1941 biacia,
1447 1875 1516 1930 sicut
1537 1875 1587 1943 ipsi
1609 1875 1764 1944 lirmarunt,
1778 1875 1877 1930 initiunt

245 1970 416 2026 occasionem
440 1966 943 2038 alteriusmalitiaaraleantinuenire,
966 1968 1057 2038 cogi.
1091 1966 1164 2022 dedit
1176 1966 1266 2023 Verbo
1278 1968 1338 2037 bei,
1362 1983 1413 2023 nec
1425 1968 1504 2021 lirrem
1521 1968 1546 2023 ei
1562 1972 1587 2023 in
1610 1983 1711 2039 regno,
1734 1969 1781 2025 sed
1797 1971 1877 2039 irnpe-
1962 1982 1963 1991 ¹

246 2060 362 2116 tarimus
386 2059 533 2117 secundum
553 2060 675 2117 veritatis
697 2060 829 2115 rationem
843 2058 879 2115 ab
898 2057 942 2113 bls
963 2072 1038 2114 conr·
1090 2058 1159 2113 rium
1174 2058 1233 2114 sine
1247 2058 1324 2113 initio
1344 2066 1372 2115 ct
1387 2057 1440 2114 dne
1461 2057 1609 2115 Satrarorls
1631 2072 1691 2115 esse
1714 2059 1878 2127 conscripsit.

245 2157 327 2211 missa
342 2153 483 2211 ventilare.
1089 2150 1218 2222 asclepas
1230 2152 1310 2206 ctiam
1327 2152 1512 2207 comminister
1527 2151 1637 2221 protulit
1650 2159 1726 2222 gesta
1747 2152 1820 2222 apud
1830 2153 1879 2207 bn·

279 2246 339 2316 Quo
350 2247 422 2302 laeto
440 2244 590 2317 reperimus
604 2258 652 2302 eos
663 2251 691 2300 et
706 2256 739 2299 er
758 2241 877 2300 actitatis
890 2241 1040 2299 calumnia·
1090 2241 1216 2297 tiorbiam
1226 2244 1348 2299 conlecta
1364 2243 1542 2313 presentibus
1554 2244 1773 2311 accusatoribus,
1789 2253 1819 2299 et
1832 2244 1879 2299 Eu·

246 2350 330 2410 tores,
343 2347 372 2395 et
381 2337 448 2394 nibil
461 2337 533 2393 aliud
549 2337 600 2393 nisi
613 2336 806 2393 comministris
819 2334 919 2392 nostris
928 2331 1040 2390 insidias
1090 2334 1165 2390 sebio
1188 2334 1222 2388 de
1242 2336 1379 2403 Caesarem
1393 2345 1418 2394 el
1435 2350 1451 2391 e
1468 2337 1610 2393 sententiis
1621 2335 1795 2408 indicandum
1809 2334 1878 2408 [dep

246 2442 422 2504 preparasse.
438 2429 524 2496 Quem
542 2428 615 2485 enim
638 2427 764 2484 dicebant
784 2426 819 2483 ab
832 2425 980 2482 Athanasio
998 2425 1040 2480 in·
1088 2426 1277 2501 judicantium]
1291 2428 1478 2500 episcoporum
1497 2430 1615 2486 ostendit
1628 2444 1659 2485 sc
1677 2442 1740 2486 esse
1753 2430 1878 2485 innocen·

246 2524 386 2581 serieclom
402 2522 558 2587 Arsenium,
585 2520 650 2576 rivit
665 2529 694 2577 et
716 2528 838 2575 moratur
861 2520 933 2575 inter
951 2519 1038 2574 viros.
1090 2529 1156 2575 tem.
1173 2519 1268 2575 blerito
1288 2519 1380 2591 igitur,
1401 2520 1500 2577 iratres
1522 2520 1708 2587 dilectissimi,
1730 2520 1877 2592 lreqnentcr

244 2615 286 2673 lis
299 2629 353 2688 quo
364 2624 476 2687 apparet
487 2614 568 2671 etiarn
582 2612 627 2669 illa
640 2627 700 2682 que
710 2612 744 2668 de
755 2612 816 2668 aliis
825 2610 1040 2668 verbosabantur
1090 2612 1177 2667 vocati
1187 2627 1241 2667 non
1254 2612 1468 2683 responderunt;
1480 2615 1578 2669 merito
1588 2613 1713 2684 inportant
1725 2631 1732 2667 ε
1744 2615 1877 2669 consuen-

246 2709 308 2765 llcta
324 2707 417 2765 luisse.
433 2706 565 2777 Quoniam
580 2704 783 2762 verodecalice
795 2702 881 2759 lracrn
895 2719 910 2758 a
923 2702 1039 2759 llarclrio
1091 2701 1128 2758 tia
1141 2704 1214 2758 enim
1235 2705 1320 2759 coacti
1341 2713 1390 2774 per
1410 2705 1498 2774 lugam
1516 2708 1579 2759 snas
1593 2705 1743 2760 calumnias
1762 2706 1877 2759 llrmarc·

248 2799 384 2859 btbanasii
395 2798 555 2871 presbytero
569 2797 734 2853 mentionem
748 2794 890 2863 lecerunt,
906 2793 1038 2851 adbibue·
1090 2802 1163 2859 runt,
1179 2802 1207 2850 et
1222 2804 1234 2834 ⁶
1250 2795 1399 2853 credilis-e
1424 2797 1546 2852 lecerunt
1559 2813 1621 2866 quaa
1636 2811 1785 2863 presentes
1803 2811 1876 2851 acen
1962 2816 1963 2829 ι

245 2899 308 2945 runt
321 2890 509 2955 ¹testimonium
522 2889 540 2943 ii
556 2889 601 2960 qui
614 2888 648 2945 de
663 2888 853 2956 Alexandria,
870 2896 899 2943 et
911 2886 1038 2943 Mareotae
1089 2892 1193 2941 satores
1217 2884 1343 2943 dicebant
1368 2902 1400 2941 ac
1426 2886 1661 2943 demonstrabant.
1684 2887 1752 2953 Quid
1774 2886 1877 2957 itaquel

245 2981 312 3038 locis
325 2982 392 3053 ipsis
403 2980 621 3047 ueneruntmibil
632 2979 685 3035 tale
695 2978 842 3051 cracem
851 2978 1036 3034 commissum.
1090 2974 1178 3043 Super
1191 2975 1233 3032 bis
1246 2975 1371 3033 omnibu's
1383 2979 1464 3034 ctiam
1479 2980 1616 3046 depositos
1630 2988 1658 3034 ct
1668 2978 1820 3049 cjecrnsab
1832 2976 1875 3032 lic·

245 3069 333 3128 Etiam
348 3069 467 3142 episcopi
492 3068 642 3126 scribentes
660 3069 694 3124 dc
708 3067 828 3141 AEgppto
844 3067 879 3125 ad
896 3081 1038 3124 conmcer-
1088 3066 1172 3123 etesia
1192 3069 1308 3125 Arianos
1331 3084 1383 3126 non
1408 3070 1495 3126 solum
1516 3080 1715 3141 susceperunt,
1739 3070 1787 3126 sed
1802 3070 1875 3125 etiam

246 3162 340 3218 dotem
355 3169 479 3217 nostrum
498 3159 616 3224 lulium,
634 3158 799 3216 suillcienter
816 3159 991 3216 firmaverunt
1004 3142 1073 3216 neC
1089 3160 1170 3233 603
1184 3161 1216 3217 ad
1232 3162 1361 3232 majorem
1376 3163 1489 3235 gradum
1504 3163 1697 3234 perduxerunt,
1711 3160 1725 3200 l
1738 3162 1874 3217 diaconos

245 3251 425 3324 suspicionem
438 3250 546 3323 quidem
570 3251 650 3307 talem
670 3249 762 3307 luisse.
780 3249 883 3307 Deinde
896 3260 954 3306 acta
976 3267 1037 3321 quae
1088 3252 1196 3322 quidem
1211 3252 1239 3309 in
1262 3256 1445 3327 presbyterum
1456 3295 1465 3323 ,
1476 3271 1509 3310 cr
1524 3254 1681 3326 presbytero
1700 3270 1766 3311 sero
1780 3254 1807 3308 in
1825 3252 1874 3322 epi·

244 3339 369 3400 dicebant
382 3356 413 3398 se
434 3340 566 3398 adsersus
581 3341 690 3409 babere,
711 3342 834 3398 constitit
843 3355 877 3397 ea
893 3356 945 3397 una
960 3350 1038 3410 parte
1089 3358 1199 3414 scopum
1215 3345 1251 3402 ob
1261 3344 1362 3400 nullam
1378 3345 1457 3400 aliam
1472 3360 1593 3411 causam,
1608 3345 1660 3401 nisi
1675 3357 1703 3400 ut
1714 3345 1872 3415 impietaten

245 3433 381 3504 coniecta,
394 3443 422 3491 et
434 3435 461 3490 in
476 3434 647 3505 insurgente
661 3434 792 3503 gentiles,
808 3442 837 3490 et
850 3432 1037 3489 catechumeni
1092 3445 1229 3505 spargant,
1243 3445 1270 3490 et
1283 3435 1387 3491 latitent
1398 3434 1475 3509 [depe
1489 3435 1622 3510 dilatentl,
1640 3438 1710 3505 piam
1725 3451 1790 3491 tero
1800 3435 1873 3490 bden

245 3527 401 3601 interrogati
418 3537 500 3592 sunt;
520 3527 666 3596 exquibus
685 3540 754 3581 unns
769 3525 978 3581 catechumenus
997 3525 1038 3580 in·
1091 3541 1275 3598 corrumpant.
1298 3529 1367 3586 Sunt
1385 3542 1473 3586 autern
1501 3539 1560 3600 pot
1581 3529 1724 3584 Eusebium
1742 3538 1755 3567 ⁰
1773 3538 1800 3584 et
1822 3528 1873 3596 ejus

245 3629 396 3691 terrogatus
409 3619 516 3676 dicebat
537 3632 567 3675 se
586 3619 657 3673 intus
670 3619 752 3674 luisse
776 3617 885 3688 qnando
907 3616 1038 3672 Macarius
1090 3621 1194 3676 socium
1208 3636 1281 3677 nnnc
1301 3624 1430 3690 primates
1444 3621 1601 3677 Theodorus
1612 3618 1646 3676 de
1661 3619 1799 3685 lleraclea,
1814 3618 1874 3673 llar-

244 3711 278 3766 ad
302 3711 390 3767 iocum
412 3709 712 3782 supermateriales
736 3709 916 3779 interrogatus
939 3708 1039 3786 sictut,
1089 3712 1189 3766 cisusa
1205 3712 1421 3768 baronnculole
1435 3711 1873 3787 [sagealternnlartelsrephanos

244 3799 380 3874 ischyram
395 3809 524 3874 {egrotum
536 3801 564 3856 in
577 3800 646 3862 cella
663 3800 781 3870 jacuisse
804 3809 909 3869 uquern
929 3799 1037 3865 dicunl;
1089 3803 1250 3868 Antiochiae,
1267 3803 1377 3859 nerins
1391 3803 1522 3859 Caesareae
1536 3804 1698 3868 talassos,
1714 3800 1724 3839 i
1739 3801 1873 3857 Narcissus

248 3903 277 3949 nt
289 3907 323 3949 er
335 3892 388 3949 boc
400 3900 529 3964 appareat
540 3891 605 3947 nibil
618 3892 653 3948 de
673 3891 810 3962 mysteriis
822 3890 905 3945 luisse
918 3890 1039 3945 celebra·
1091 3894 1221 3961 llarmiae,
1234 3893 1429 3962 hierophantas
1444 3894 1544 3963 Ephesi
1559 3895 1640 3957 hale,
1654 3893 1778 3948 Ursatins
1790 3891 1873 3958 singi-

246 3996 313 4050 tum,
328 3998 363 4040 er
378 3998 411 4040 eo
424 3983 495 4053 quod
509 3979 696 4039 catechumeni
711 3982 784 4038 intus
798 3995 813 4036 c
826 3980 996 4056 nsislebanm
1012 3990 1039 4036 et
1090 3985 1163 4039 dnno
1185 3985 1305 4049 lloesiae,
1320 3984 1419 4040 Valens
1442 3987 1529 4040 llnrsa
1554 3986 1700 4041 Pannoniae
1720 4000 1728 4043 :
1752 3985 1797 4053 qui
1819 3983 1874 4037 illos

245 4073 383 4147 ischyram
404 4088 457 4129 non
470 4070 597 4139 adfuisse,
611 4072 658 4128 sed
673 4082 802 4144 egrotum
816 4071 910 4127 iniisse.
925 4071 990 4126 llam
1012 4080 1039 4127 et
1090 4075 1255 4144 cumquibns
1266 4075 1301 4129 de
1312 4074 1424 4131 Oriente
1434 4085 1577 4141 renerent,
1590 4077 1778 4148 neqnesapnl
1792 4076 1873 4128 ssiarn

246 4172 304 4239 ipse
328 4168 461 4239 pessimus
488 4166 625 4239 ischyras,
651 4166 695 4236 qni
717 4165 845 4221 mentitos
866 4174 908 4222 est
924 4163 1039 4220 dicendo
1091 4169 1116 4221 in
1127 4168 1242 4223 concilio
1256 4170 1359 4233 tenire,
1376 4185 1427 4225 nee
1439 4170 1473 4225 ad
1490 4170 1639 4228 Ecclesiam
1657 4171 1703 4225 ltei
1719 4170 1821 4237 penitus
1834 4182 1874 4223 ac-

245 4258 421 4315 ntbanasium
437 4259 538 4314 ussisse
550 4258 679 4327 quosdam
693 4257 798 4312 divinos
811 4256 939 4323 codices,
963 4267 990 4312 et
1011 4256 1038 4311 in
1090 4260 1186 4316 cedere
1202 4260 1403 4330 permittebant.
1419 4262 1505 4317 liliam
1517 4260 1655 4319 Serdicam
1671 4261 1817 4321 venientes,
1829 4271 1873 4328 per

246 4355 296 4408 troc
308 4366 386 4408 sunm
401 4350 570 4407 mendacium
591 4349 795 4406 demonstrarit.
811 4349 879 4405 Nam
897 4347 1038 4405 conlessus
1090 4351 1193 4421 singula
1204 4366 1319 4423 queque
1333 4353 1391 4409 ioca
1406 4355 1636 4408 conuentnsinter
1649 4367 1680 4408 sc
1693 4351 1874 4414 lantelmus

242 4450 285 4499 cst
298 4442 345 4499 illo
353 4451 533 4512 temporeque
541 4441 673 4498 uamnm
682 4440 831 4496 advenerat
838 4454 868 4495 sc
878 4448 1038 4510 egrotasse,
1091 4458 1151 4497 curn
1163 4444 1425 4500 interminationibus
1441 4453 1587 4513 pnsnerunt
1601 4445 1739 4514 pactiones
1758 4442 1807 4496 sibi
1816 4482 1824 4505 ,
1846 4445 1873 4491 ut

242 4543 271 4589 ct
281 4534 416 4604 iacuisse,
427 4540 457 4589 ut
466 4533 546 4588 etiam
561 4548 595 4589 ex
609 4531 661 4589 hoc
674 4532 850 4588 calumniator
863 4529 1034 4586 demonstra·
1048 4515 1074 4576 D
1087 4549 1147 4589 cnm
1163 4533 1300 4590 sardicam
1314 4532 1467 4598 venissent,
1480 4535 1591 4591 omnino
1604 4549 1658 4589 nnn
1679 4531 1873 4604 ingrederentur

247 4622 422 4688 retunbnde
435 4624 470 4681 nb
483 4622 725 4680 banccaiumniam
739 4621 789 4693 ipsi
801 4620 919 4692 ischyra
932 4635 1036 4677 merce·
1088 4625 1116 4679 in
1134 4623 1276 4695 judicium,
1304 4638 1355 4681 nec
1368 4634 1427 4680 eum
1452 4636 1544 4681 sancta
1566 4626 1670 4697 synodo
1691 4623 1873 4682 corrinnirenm

279 4778 439 4848 ‘interpres
448 4778 570 4835 Graeeullt
582 4776 743 4849 adjectivum
755 4778 946 4853 θρυλλούμινοι,
959 4778 1031 4848 quod
1087 4779 1179 4849 iidem,
1196 4782 1239 4852 qui
1262 4780 1307 4836 hic
1322 4782 1458 4852 episcopi,
1473 4781 1578 4838 duobus
1592 4785 1716 4840 Etrscbiis
1730 4782 1872 4850 adjungan-

256 4849 363 4921 scbyrae
376 4850 528 4918 apponitur,
544 4847 633 4904 minus
651 4857 725 4903 recte
742 4847 852 4903 divulsit
871 4863 903 4903 ac
916 4849 1036 4903 reddidit
1087 4860 1141 4905 tur.
1157 4853 1252 4907 bostra
1268 4855 1355 4908 tersio
1369 4854 1401 4909 iis
1421 4855 1510 4909 uerbis
1536 4865 1559 4909 ct
1573 4857 1630 4923 eius
1648 4857 1742 4908 corinna
1764 4857 1873 4905 alterurn

239 4935 317 4995 quem
331 4919 427 4974 dicent.
445 4918 608 4988 Epiphanius
625 4928 653 4975 et
671 4917 897 4974 llilarinsmelins
915 4919 1035 4991 {amons-
1089 4921 1232 4977 Errrebinm
1259 4923 1373 4991 indicat,
1404 4928 1529 4979 nimirum
1554 4925 1753 4981 caesareensem
1779 4933 1872 4991 preter

241 4988 645 5066 rimantisebyramprreierunt.
1087 4994 1331 5049 lllcomeiliensem.

276 5059 331 5118 sqq
345 5069 399 5127 est,
413 5062 593 5132 precedentis.
1126 5063 1136 5102 i
1153 5063 1207 5119 Nee
1218 5063 1392 5130 dtlrnrtasius,
1408 5080 1459 5119 nce
1473 5064 1599 5133 liilarius,
1615 5081 1664 5121 nec
1676 5062 1872 5121 Theoilnretns,

277 5142 290 5173 ⁸
304 5131 378 5204 Lege
389 5131 459 5187 medi
472 5145 512 5198 ee,
527 5145 561 5187 er
573 5130 659 5187 Hilar.
1088 5142 1135 5188 aut
1160 5134 1207 5205 Epi
1221 5135 1341 5199 ilranius,
1362 5150 1413 5190 net·
1428 5137 1487 5189 aliar
1502 5138 1623 5206 epistolae
1637 5132 1872 5205 postsubp‘iciende

276 5202 365 5260 ‘Alia
378 5201 541 5273 exemplaria
555 5212 612 5257 rum
627 5202 732 5271 Graeca,
747 5208 804 5257 torn
819 5201 925 5269 Latina,
937 5204 1034 5276 plurali
1090 5205 1188 5260 babent
1224 5219 1285 5258 nrnc
1299 5207 1413 5261 alterurn
1428 5205 1581 5262 Narcissum
1591 5223 1599 5273 ;
1611 5209 1658 5262 sed
1673 5221 1721 5276 pro
1732 5219 1763 5258 eo
1777 5201 1872 5255 sensti-

239 5288 356 5331 numero
365 5273 482 5331 ederunt
496 5271 648 5328 :Diaconos
662 5274 691 5326 in
704 5271 875 5344 presbyteros,
891 5283 945 5330 etc.
1092 5277 1205 5329 tuendus
1219 5279 1349 5346 Georgius
1363 5276 1517 5344 lanchen,
1533 5279 1577 5347 qni
1593 5278 1663 5347 apud
1679 5275 1782 5333 cosdem
1806 5271 1872 5326 inter

178 5353 186 5367 ·
278 5345 333 5400 ‘ln
349 5341 639 5410 Grecodesunthasc,
655 5346 750 5414 stsjor
773 5343 881 5400 rodum.
897 5343 1036 5414 hpudiil·
1090 5344 1231 5399 damnatos
1246 5359 1418 5401 recensetur.-

233 5415 336 5468 larium
352 5412 535 5486 babeturpost
555 5413 693 5470 Emehinrn
711 5413 773 5469 duo.
797 5414 971 5471 coustantius
995 5416 1035 5471 le·
1126 5416 1218 5471 &Hace
1239 5419 1319 5470 rerba
1334 5420 1404 5484 opud
1417 5419 1505 5473 ‚letan
1529 5434 1578 5474 nec
1590 5417 1618 5473 in
1642 5416 1752 5476 Graccis,
1779 5425 1828 5466 nec
1847 5412 1870 5464 io

239 5483 355 5553 gendum
371 5484 541 5551 nronuitport
552 5484 751 5540 Eusebiosdnos
762 5500 772 5540 .·
784 5485 827 5540 eni
840 5486 947 5542 lectioni
961 5485 1033 5541 iares
1089 5484 1190 5540 Latinis
1209 5489 1407 5554 exernplaribns
1427 5489 1560 5561 leguntur.
1577 5491 1711 5557 interpres
1729 5485 1820 5552 legisse
1834 5484 1869 5530 ri·

240 5554 306 5608 lund
330 5555 453 5621 eiusdem
477 5555 569 5611 llilarii
584 5554 632 5610 lib.
648 5570 657 5609 r
676 5553 932 5621 art-eonsensum,
947 5571 976 5610 n.
991 5558 1008 5610 e
1024 5573 1043 5612 ι’
1089 5555 1216 5618 delirrrtr
1231 5563 1432 5625 embricum-o
1457 5566 1492 5621 εἰς
1511 5566 1556 5620 τὴν
1576 5561 1649 5634 hylan
1674 5556 1785 5614 cluniam
1803 5550 1869 5602 irride

242 5622 476 5687 n'epercirllalrnnr
486 5625 890 5695 somnientshoecsnisssiaurntn,
905 5636 953 5679 etn
966 5625 1031 5679 dse-
1087 5628 1273 5697 eorrigendum
1295 5638 1336 5684 est
1351 5645 1432 5700 acque
1445 5631 1472 5684 in
1494 5639 1609 5685 sanctem
1625 5631 1755 5684 consilinm
1779 5635 1869 5674 sarrire.

240 5695 286 5746 bur
301 5690 424 5760 Ensriiir,
436 5703 500 5759 etc..
514 5695 661 5764 presertim
670 5708 731 5750 cunr
742 5696 778 5751 ibi
792 5694 1030 5765 Georgloexeeptu
