4000 6175
273 287 325 345 755

751 286 922 379 cressum
943 291 989 347 alt
1008 289 1037 347 S.
1058 291 1180 354 tausis
1198 292 1306 351 usum
1324 293 1450 355 OPERA.

275 397 456 470 nujuscemodi
470 398 615 471 neg’igam,
632 400 692 471 qrria
702 398 728 456 in
738 401 839 470 multis,
850 402 931 458 etiam
942 420 1004 460 curn
1019 408 1100 465 se·A
1116 405 1168 459 tius
1182 406 1332 464 esurientes
1346 408 1460 474 reticita,
1472 416 1500 464 et
1510 408 1664 468 sitientibus
1674 410 1844 483 potomdate,
1854 434 1897 475 ran·

272 491 361 547 rrrterit
376 505 484 561 corpus,
499 492 717 563 concnptscenzta
740 494 820 564 riget.
847 493 886 550 Nc
909 494 979 550 lorte
1002 510 1067 567 ergo

273 584 455 641 fornicationis
471 582 555 650 labes,
572 584 715 641 occasione
735 596 858 656 accepta,
878 596 1005 659 tanquam
1022 603 1068 643 re·

270 690 368 730 neuunr
383 674 528 744 pessimum
543 685 633 746 serpat
655 677 681 731 in
697 678 784 744 robis,
797 694 895 735 carere
911 689 939 736 ct
957 690 1068 737 antere-

270 767 328 820 nire
340 769 520 822 necessarium
536 777 587 831 est,
605 784 638 823 ne
653 771 723 839 quod
741 771 767 826 in
787 771 864 828 vobis
880 772 1005 829 adulterii
1021 791 1067 831 oe·

268 857 370 911 cultrun
384 865 398 894 ⁸
413 857 546 913 coele-cat
574 857 740 915 incendium.
763 861 796 916 Et
820 862 883 933 quid
899 864 925 918 in
940 866 1066 920 omnibus

269 949 385 1017 presentis
397 948 527 1004 adulterio
540 952 664 1021 gratiosi
679 952 832 1008 Secundum
845 970 958 1026 namque
970 959 996 1015 in
1010 971 1065 1025 pua-

268 1042 309 1096 nis
321 1041 425 1097 obtinet
444 1043 544 1110 locum,
560 1046 685 1112 quoniam
701 1046 810 1114 quidem
824 1049 939 1117 primum
962 1051 999 1104 illi
1017 1052 1065 1106 ba·

267 1133 330 1187 bem
345 1134 388 1203 qni
404 1133 530 1188 aberrant
544 1151 558 1189 a
573 1135 638 1202 beo,
658 1137 739 1191 etiarn
766 1138 790 1192 si
815 1138 905 1192 sobrie
932 1140 1061 1196 riserint,

268 1226 379 1301 Propter
393 1228 463 1298 qrrod
477 1244 540 1295 sos,
556 1245 573 1285 o
587 1230 751 1302 presbyteri,
767 1232 916 1289 Ecclesiam
930 1236 1062 1301 excolite,

266 1316 317 1373 cti
332 1320 454 1373 ordinate
465 1336 590 1389 sponsam
599 1320 697 1375 Christi
708 1322 741 1376 ad
752 1338 785 1392 pu
796 1325 916 1380 licitiam.
930 1325 1063 1397 Sponsam

266 1419 354 1466 autem
375 1411 556 1466 dicoomnem
578 1412 705 1469 Ecclesiae
727 1417 983 1485 congregationem,
1004 1434 1064 1487 quae

267 1502 288 1557 si
303 1501 395 1572 paulina
411 1503 518 1556 inuenta
535 1502 614 1558 luerit
633 1520 765 1575 aspunsn
778 1522 842 1573 suo,
865 1509 1018 1579 ingentibus
1029 1510 1063 1564 ab

266 1608 300 1646 co
315 1592 392 1647 donis
404 1601 430 1648 et
444 1594 599 1648 nturreribus
611 1594 802 1663 honorabitur;
815 1606 843 1653 ct
853 1613 912 1667 vos,
928 1599 1001 1655 retur
1013 1603 1064 1656 nti-

266 1684 343 1740 nistri
354 1700 473 1755 sponsae,
486 1694 514 1757 et
525 1687 603 1741 amici
617 1692 718 1758 sponsi,
729 1689 830 1760 ingenti
844 1691 942 1761 gaudio
957 1703 984 1747 et
995 1693 1063 1747 luti·

1119 496 1161 552 dis
1183 499 1389 566 uestimentum:
1408 515 1495 570 aegros
1510 502 1626 573 visitato,
1641 512 1668 558 et
1685 518 1732 560 eos
1746 506 1790 575 qui
1808 505 1832 563 lu
1845 524 1897 566 car-

1118 602 1180 644 cerc
1194 601 1265 657 sunt,
1281 601 1359 661 prout
1372 592 1499 661 possibile
1513 603 1566 659 est,
1577 592 1688 664 joraiea'
1699 598 1847 665 peregrinus
1860 618 1897 655 sa·

1119 681 1152 734 tis
1167 691 1289 752 prompte
1303 683 1330 737 in
1344 682 1467 738 domibus
1481 684 1577 739 restris
1589 686 1729 755 suscipite.
1739 687 1894 746 Ettreomuia

1118 785 1189 827 uutrc
1202 771 1354 843 singulatim
1371 774 1469 839 dicant,
1485 789 1565 829 orttne
1579 774 1676 830 bouum
1691 777 1749 845 ipsa
1764 793 1811 848 per
1822 794 1848 836 se
1860 783 1894 853 (si

1118 861 1144 915 iu
1156 862 1233 917 robis
1248 860 1339 934 luerit)
1352 863 1471 919 charitas
1485 880 1534 922 tos
1549 865 1637 922 lacere
1648 866 1767 936 docebit,
1789 870 1853 926 sicut
1870 885 1893 929 ct

1116 952 1278 1007 econtrario
1291 952 1398 1022 eosqui
1411 969 1426 1009 a
1441 953 1528 1011 salute
1539 955 1618 1011 alieni
1631 966 1704 1025 suut,
1715 974 1795 1014 unane
1806 962 1889 1019 malon

1118 1042 1206 1098 lacere
1220 1044 1310 1098 odiam
1323 1043 1412 1101 docet.

1151 1133 1179 1190 Si
1199 1135 1243 1204 qui
1255 1150 1288 1191 ea
1304 1134 1430 1194 iratribus
1446 1138 1551 1208 negotia
1575 1134 1674 1196 babent
1689 1139 1761 1198 iuter
1773 1157 1811 1212 se,
1832 1146 1891 1215 apud

1115 1229 1267 1297 cognitores
1280 1229 1371 1282 secuti
1385 1245 1436 1283 non
1448 1229 1612 1297 judicentur,
1626 1230 1674 1286 sed
1689 1232 1759 1302 apud
1770 1235 1893 1306 presbytc-

1116 1335 1161 1372 ιιι
1177 1320 1316 1385 Ecclesiae,
1329 1320 1456 1391 quidquid
1471 1320 1536 1375 illud
1560 1331 1602 1377 ost
1616 1320 1774 1389 dirimatur;
1789 1336 1815 1378 et
1828 1328 1892 1382 orurri

1117 1410 1196 1465 niodo
1209 1410 1335 1466 obediant
1354 1409 1461 1466 statutis
1474 1425 1580 1466 eorum.
1595 1413 1684 1482 Super
1706 1416 1795 1469 omnia
1815 1429 1893 1474 autern

1115 1501 1255 1556 avaritiam
1273 1499 1365 1571 lugito,
1385 1516 1445 1571 quar
1466 1501 1592 1558 bomincs
1605 1504 1749 1559 occasione
1767 1509 1892 1575 praesentis

1115 1593 1182 1648 lucri
1193 1592 1227 1648 ab
1242 1593 1349 1648 aeternis
1364 1600 1471 1662 separat
1486 1592 1575 1648 bonis.
1596 1593 1731 1660 Pondere,
1747 1610 1891 1666 mensuras,

1114 1694 1240 1749 stateras,
1266 1699 1313 1751 pro
1328 1682 1394 1738 locis
1408 1668 1559 1754 quibusque
1581 1684 1735 1755 aequissima
1754 1688 1890 1753 custodum

266 1778 300 1832 tia
315 1777 497 1846 perlruemini,
511 1777 539 1832 Si
550 1795 613 1834 uero
635 1796 734 1851 sponsa
759 1781 816 1839 trac
843 1793 949 1854 reperta
977 1785 1058 1841 luerit
1073 1781 1097 1842 B
1111 1777 1233 1844 tlt³90⁸1¹³
1256 1775 1373 1830 fideliler
1387 1774 1531 1831 restituite.
1546 1776 1611 1844 ΟΜ
1631 1778 1741 1841 ⁰ffl¹¹³²lo
1764 1786 1792 1833 0¹
1808 1779 1833 1832 δί
1849 1794 1891 1848 qttt

265 1870 458 1923 commaculata
466 1870 592 1938 peccatis,
606 1872 660 1940 ipsa
670 1873 789 1941 quidem,
801 1883 927 1946 tanquam
939 1875 1058 1947 indigna,

267 1972 278 1999 ⁰
294 1960 480 2016 estrrrdotura
499 1963 632 2031 regalibus
646 1967 722 2019 toris.
737 1964 790 2021 trra
803 1977 893 2022 antem
907 1983 1002 2038 poenas
1012 1970 1062 2024 ‹la-

265 2051 337 2115 bitis,
353 2051 375 2106 si
394 2052 462 2108 lorte
477 2068 524 2122 per
537 2065 653 2109 restrum
669 2057 857 2129 negligentiam
873 2060 915 2115 vel
928 2059 1060 2117 desidiam

264 2144 416 2214 obrepserit
426 2147 550 2216 contagio
570 2165 638 2202 sata
654 2149 765 2218 peceati.
775 2149 878 2207 ideireo
892 2160 955 2207 ante
969 2153 1059 2208 omnia

264 2235 417 2291 sobrietatis
433 2247 461 2293 et
483 2239 617 2308 pudicitie
640 2240 849 2297 sollicitudinem
864 2244 961 2313 gerite.
979 2244 1062 2302 latria

264 2325 336 2381 eninr
348 2327 418 2397 apud
435 2327 517 2383 Deum
531 2345 611 2400 graue
625 2331 727 2385 crimen
737 2332 1000 2398 uocitortnrntratto.
1014 2351 1062 2390 ou·

263 2416 307 2487 jus
323 2419 426 2485 speeies
441 2427 504 2472 snut
523 2420 631 2489 quidem
657 2421 759 2491 plures,
783 2423 853 2477 sicut
867 2422 943 2479 uobis
957 2434 986 2480 et
1003 2425 1062 2496 ipse

264 2502 390 2562 Clemens
405 2506 680 2579 diligenterexpanet.
691 2510 881 2569 Verumtamen
896 2514 982 2584 prima
998 2530 1060 2585 spe·

265 2597 319 2651 cies
332 2598 455 2653 adulterii
469 2607 519 2664 est,
540 2601 627 2655 virum
650 2601 759 2671 propria
782 2618 867 2659 uxore
891 2605 1062 2664 solummodo

265 2704 318 2745 uon
331 2705 392 2746 esse
402 2702 569 2758 contentum,
578 2704 604 2747 et
618 2695 759 2749 mulierem
777 2709 829 2751 nou
838 2698 948 2767 proprio
959 2707 1062 2756 tantum

264 2799 376 2839 serrare
389 2800 419 2841 se
433 2785 500 2840 uiro.
517 2786 545 2842 Si
560 2803 626 2858 ergo
641 2796 733 2843 castus
752 2788 832 2844 luerit
845 2790 917 2860 quis,
932 2800 1023 2861 potest
1036 2804 1064 2850 et

266 2875 436 2933 bumanuset
449 2879 603 2934 misericors
624 2879 698 2949 ueri,
720 2895 768 2950 per
780 2881 850 2951 quod
866 2882 966 2953 etipse
987 2895 1063 2942 aeter

177 3000 179 3003 v
265 2981 326 3023 narn
340 2984 355 3021 a
370 2969 426 3025 lico
447 2972 660 3027 misericordiam
675 2982 869 3043 consequatur.
895 2975 967 3031 Sane
993 2977 1064 3034 sicut

266 3058 391 3116 adulterii
405 3076 538 3117 uenenum
553 3062 656 3118 cunctis
668 3062 747 3119 rnaiis
763 3064 940 3135 perniciosius
953 3077 1005 3133 est,
1028 3068 1063 3124 ita

266 3251 301 3308 Et
314 3250 374 3306 ideo
387 3250 489 3320 diligite
502 3266 597 3306 omnes
618 3251 715 3307 iratres
727 3261 842 3318 nestros,
870 3262 897 3309 et
910 3268 970 3309 cum
996 3255 1061 3310 reli·

265 3341 347 3409 ginno
361 3357 391 3396 ae
407 3341 589 3397 urisericonlia
601 3341 726 3412 respicite
740 3342 773 3397 ad
788 3358 893 3400 omnes.
908 3345 1008 3417 (doust.
1022 3362 1059 3412 rr,

266 3432 294 3501 Β)
310 3431 443 3501 Orphanis
465 3432 592 3488 exbibete
613 3434 792 3504 rcsnretipsos
814 3448 951 3505 parentes.
967 3436 1060 3494 viduis

267 3525 384 3580 uirorum
400 3538 492 3578 curam
509 3523 667 3592 impendite,
682 3540 743 3579 curn
759 3527 837 3580 ornati
851 3527 984 3590 castitate,
1000 3544 1060 3599 quar

266 3616 416 3671 necessaria
438 3623 501 3668 sum
525 3615 685 3683 prebentes.
710 3615 836 3673 lentiores
865 3619 1060 3673 tarnorrriduas

266 3708 366 3776 nuptiis
378 3706 512 3775 copulato.
529 3706 574 3761 llis
589 3708 634 3777 qui
649 3709 773 3776 ignorant
787 3707 913 3779 artificia,
927 3710 1061 3779 exquirito

265 3799 393 3854 bonestas
409 3798 511 3867 aliquas
525 3799 681 3854 occasiones
699 3799 796 3868 quibus
814 3801 913 3855 rictum
934 3815 1061 3857 necessa·

266 3888 335 3947 rium
353 3899 490 3955 quarratam
513 3890 663 3945 artificibus
684 3905 749 3944 veru
773 3907 882 3958 operam
904 3892 1058 3962 providete,

265 3977 399 4035 debilibus
412 3978 623 4035 misericordiam
645 3979 732 4034 tacite.
749 3980 811 4035 Scio
824 3991 913 4037 auteur
928 3983 986 4037 baec
1001 3999 1060 4038 onr-

264 4071 310 4128 nia
324 4071 441 4127 lacturos
455 4086 513 4139 tos,
536 4077 557 4125 si
574 4073 732 4127 claritatem
755 4074 928 4138 precatoris
951 4084 977 4131 et
998 4086 1060 4133 ante

263 4163 354 4219 omnnia
366 4163 393 4218 ln
409 4170 498 4218 nestro
512 4164 594 4219 corde
607 4163 703 4233 figatis.
715 4161 800 4234 Cujus
813 4164 962 4233 charitatis,
977 4177 1005 4223 et
1018 4183 1061 4224 ro·

262 4254 448 4324 eiplacuisset
464 4253 604 4320 bibendae,
627 4256 774 4310 musinium
788 4260 840 4311 erit
860 4256 1019 4326 lomentum,
1035 4259 1058 4314 si

264 4342 442 4413 lrequenter
435 4351 506 4399 mter
519 4347 698 4416 nosmetipsos
721 4361 891 4403 communem
905 4349 994 4403 cibum
1013 4365 1059 4405 re·

264 4448 351 4490 atrium
365 4451 540 4508 mensamque
556 4436 578 4491 l.
582 4439 668 4501 ciatis,
684 4448 711 4494 et
723 4438 750 4494 in
768 4447 898 4510 quasnam
915 4442 1059 4510 unusquis·

264 4615 394 4674 iratribus
406 4619 463 4675 suis
482 4630 581 4675 sumat.
597 4620 648 4676 Per
668 4621 726 4675 bec
738 4625 810 4678 enim
822 4624 958 4691 precipuo
969 4624 1058 4678 citari·

227 4737 242 4802 Ι,
266 4717 307 4766 tas
320 4718 500 4776 comparatur,
523 4719 551 4765 et
571 4725 651 4766 causa
675 4709 756 4766 totius
771 4712 866 4767 boni
861 4728 886 4767 tn
902 4712 1056 4781 baiusrnodi

223 4827 243 4853 ·.
263 4802 417 4854 cumumniu
413 4815 454 4855 ne
468 4802 602 4855 cotrsistit.
618 4800 667 4856 llbi
682 4810 770 4855 autern
786 4816 836 4872 par
849 4811 875 4856 et
890 4801 1008 4868 bonitas,
1021 4801 1056 4859 ibi

222 4872 225 4881 ⁴
263 4890 387 4946 ctsatus
411 4890 527 4959 Propter
546 4891 618 4960 quod
641 4905 798 4947 communes
820 4891 898 4949 tacite
921 4893 996 4950 cibos
1010 4910 1057 4951 rc·

262 4990 335 5040 atros
347 4997 407 5038 curn
423 4983 464 5038 bis
479 4983 523 5053 qui
537 4985 685 5040 secundum
699 4983 783 5039 ὓιιιιι
798 4983 895 5039 iratres
910 4995 982 5052 sunt,
993 4989 1055 5057 quin

262 5087 312 5145 per
322 5072 379 5129 baec
394 5074 551 5141 temporalia
561 5075 660 5141 olicis,
675 5075 749 5146 pacis
763 5086 790 5130 et
803 5074 943 5133 charitatis
958 5079 1055 5134 tructi-

262 5162 313 5224 bns
326 5163 423 5234 gaudia
442 5175 542 5221 etcum
561 5166 738 5224 merebimini.
759 5167 842 5223 llulto
856 5169 1056 5225 autemsollici·

299 5420 313 5449 ⁸
331 5409 397 5464 (lud
414 5408 530 5479 tentet,
547 5413 664 5469 calcsnt.

297 5478 403 5537 bidem
435 5482 496 5536 ootl
506 5485 663 5550 ‚adornatum
706 5495 709 5517 ¹

301 5551 380 5606 ‘ils
400 5551 495 5612 lind.
521 5556 635 5608 tradetur
657 5556 805 5626 regalibus:
829 5558 899 5627 quod
916 5573 975 5612 cum
1000 5573 1052 5612 rann

264 5620 430 5682 cttlttereat,¹
425 5636 451 5673 tn
464 5621 524 5676 aliis
538 5624 672 5677 corticibus
680 5643 744 5681 mss
760 5636 786 5681 el
798 5628 869 5694 vulg.
880 5629 1051 5683 emendatum

265 5689 376 5750 luituon
392 5690 505 5745 tradetur
519 5695 655 5764 repoiibua
667 5695 808 5754 leniorem
827 5698 969 5757 lectionem
989 5716 1053 5770 sup·
1104 5698 1179 5754 reiut.

1112 1878 1174 1922 sum
1187 1867 1285 1922 similia
1300 1866 1352 1930 bis,
1367 1865 1403 1921 ita
1418 1867 1526 1921 demum
1538 1864 1655 1922 sollicite
1669 1879 1695 1921 et
1707 1868 1894 1939 diligenteriu·

1792 256 1896 365 'tat

1113 1960 1230 2031 plebilis,
1244 1960 1267 2015 si
1281 1958 1400 2014 imorum
1419 1958 1466 2014 uei
1483 1960 1614 2029 judicium
1631 1960 1690 2015 siue
1706 1961 1894 2017 intermissione
1950 1980 1951 2019 t

1113 2051 1139 2106 in
1155 2062 1244 2107 uestro
1257 2049 1339 2106 corde
1351 2049 1475 2105 solvatis.
1490 2050 1555 2119 Quis
1572 2050 1644 2109 euim
1662 2067 1776 2121 peccare
1791 2054 1892 2124 poterit,

1112 2144 1135 2198 si
1147 2143 1426 2213 semperanteoeulos
1438 2156 1503 2198 suos
1515 2142 1700 2210 Deijudiciurn
1713 2145 1815 2214 ponat!
1830 2145 1893 2214 Qud

1112 2236 1139 2290 in
1154 2234 1206 2290 lino
1220 2234 1309 2289 mundi
1321 2241 1422 2289 certum
1438 2234 1655 2304 ostagitaudom,
1675 2242 1704 2289 ut
1726 2222 1836 2292 iandem
1854 2238 1892 2306 qui

1112 2327 1182 2383 bene
1201 2326 1227 2380 in
1247 2327 1297 2380 lrac
1310 2326 1361 2379 rita
1376 2334 1499 2396 egerunt,
1521 2336 1720 2395 consequamur
1739 2326 1811 2382 bona
1826 2343 1893 2398 repo·

1113 2417 1182 2480 sita:
1199 2425 1352 2487 peccatores
1375 2427 1464 2471 autem
1480 2427 1509 2471 m
1531 2428 1732 2487 consequantur
1744 2432 1894 2490 praeparatas

1113 2516 1141 2562 ct
1152 2506 1303 2563 reconditas
1313 2520 1419 2577 poenas,
1433 2507 1577 2576 dequibus
1591 2507 1627 2561 ita
1648 2509 1768 2564 lotorum
1783 2509 1893 2564 dubitare

1114 2598 1224 2653 omnino
1238 2613 1289 2653 non
1301 2613 1451 2669 possumus.
1465 2597 1602 2668 Siquidem
1618 2600 1676 2655 lroec
1688 2601 1780 2656 onrnia
1800 2601 1834 2656 ita
1844 2616 1894 2657 esso

1114 2695 1226 2744 reantura
1240 2705 1319 2743 verus
1335 2688 1412 2742 nobis
1422 2689 1554 2759 Propheta
1567 2690 1689 2759 paretur
1706 2691 1798 2747 :undo
1810 2701 1835 2747 et
1844 2706 1893 2754 ros,

1114 2782 1158 2851 qui
1171 2781 1237 2835 estis
1254 2777 1311 2835 teri
1326 2777 1467 2848 Prophetae
1481 2779 1616 2849 discipuli,
1631 2780 1765 2851 abjicitea
1782 2782 1894 2837 cordibus

1115 2872 1212 2928 restris
1223 2884 1284 2927 ante
1294 2872 1382 2925 omnia
1396 2871 1412 2924 d
1424 2872 1543 2927 scordias
1552 2882 1578 2926 et
1591 2874 1743 2927 aninruruur
1760 2873 1895 2929 dissensio-

1115 2978 1174 3031 nes,
1189 2980 1222 3019 ιι
1237 2963 1334 3034 quibus
1347 2978 1426 3018 ornae
1440 2964 1538 3019 attalum
1556 2980 1623 3036 opus
1637 2965 1769 3035 procedit,
1790 2976 1818 3023 et
1829 2966 1895 3021 beni·

1115 3057 1242 3127 gnitatem
1264 3069 1295 3109 ac
1309 3052 1506 3126 simplicitatem
1520 3064 1575 3112 tota
1591 3068 1681 3112 mente
1694 3067 1813 3114 serrato.
1829 3056 1895 3127 Quot
1950 3058 1951 3075 ¹

266 3169 343 3210 arnor
357 3155 525 3210 iraternuset
537 3156 654 3210 ebaritas
667 3157 748 3212 totius
759 3158 821 3213 boni
834 3159 967 3229 fastigium
977 3171 1059 3218 tenet.
1073 3147 1096 3209 C
1112 3148 1134 3202 ⁸5
1146 3147 1215 3202 s⁰l¹⁰
1229 3146 1344 3215 ²³¹5⁰¹¹l¹¹⁸
1354 3162 1412 3215 eurr,
1434 3150 1477 3202 iel
1494 3148 1574 3214 Uim·
1589 3148 1632 3204 ill
1654 3149 1814 3217 infidelita&
1835 3148 1894 3206 ‘iel

1111 3237 1218 3307 aliquod
1232 3236 1331 3292 tnalurn
1345 3253 1380 3293 ex
1394 3238 1437 3294 lr'rs
1457 3255 1517 3309 quae
1531 3241 1658 3310 strperius
1678 3243 1892 3308 memoravimus,

1112 3331 1225 3385 latenter
1240 3330 1393 3401 irrepserit;
1418 3347 1470 3386 aron
1494 3333 1646 3402 crubescat¹
1661 3334 1707 3405 qui
1731 3334 1829 3389 animae
1846 3348 1894 3389 sna
1950 3367 1951 3402 Ι

1111 3437 1202 3477 ottrarn
1214 3423 1293 3493 gerit,
1305 3424 1426 3479 conlueri
1442 3425 1499 3481 lucc
1514 3427 1625 3497 lruiequr
1640 3438 1748 3495 praest,
1764 3438 1795 3482 ut
1805 3429 1893 3496 abipso

1112 3514 1279 3582 perverbum
1303 3513 1351 3569 Dei
1370 3525 1398 3570 et
1419 3517 1561 3572 eonsilium
1583 3512 1691 3574 salubre
1714 3532 1836 3584 curetur,
1849 3535 1893 3588 quo
1950 3559 1951 3572 ,

1112 3607 1196 3673 possit
1210 3607 1310 3676 integra
1333 3605 1386 3662 lide
1398 3617 1425 3664 et
1445 3609 1573 3677 operibus
1592 3606 1671 3665 banis
1691 3626 1789 3681 poertas
1812 3610 1894 3668 aterni
1950 3603 1951 3620 ¹

1112 3700 1181 3770 ignis
1191 3699 1308 3771 elingere
1318 3710 1346 3757 et
1360 3703 1393 3756 ad
1411 3713 1546 3772 perpetuu
1558 3704 1618 3756 uitae
1630 3703 1738 3773 pruentia
1751 3704 1893 3776 peruenire.
1950 3699 1951 3770 Ι

1149 3790 1257 3847 Diaeuni
1280 3808 1344 3846 sero
1372 3792 1501 3847 Ecclesia
1528 3805 1653 3864 tauquam
1678 3794 1781 3862 (Consi.
1798 3812 1830 3860 u,
1855 3793 1893 3860 tt)
1950 3839 1951 3874 ,

1111 3884 1180 3936 netuli
1199 3883 1253 3938 sint
1276 3884 1410 3954 episcopi,
1430 3883 1588 3940 suberrantes
1611 3895 1637 3940 et
1656 3885 1894 3942 circurnlustranes

1111 3977 1193 4049 1460
1207 3993 1267 4031 cum
1283 3977 1443 4032 uerecundia
1457 3986 1533 4033 actus
1547 3965 1629 4033 totius
1644 3976 1789 4048 Ecclesiae,
1804 3991 1830 4036 et
1844 3993 1895 4044 per·
1950 3987 1951 4016 ³

1112 4082 1263 4124 serenantes
1275 4069 1429 4138 diligentius
1442 4071 1465 4126 si
1486 4086 1566 4142 quem
1580 4072 1688 4127 uideant
1714 4074 1830 4128 ricinum
1846 4070 1894 4125 lieri
1950 4063 1951 4092 ¹

1112 4163 1259 4232 praecipitio
1269 4175 1295 4219 et
1310 4163 1460 4231 proximum
1469 4179 1530 4220 esse
1541 4174 1662 4234 peccato,
1673 4175 1703 4219 ut
1719 4163 1895 4221 celerarrtbce
1950 4169 1951 4208 t

1110 4254 1142 4307 ad
1161 4256 1327 4323 episcopum,
1344 4263 1372 4310 ct
1392 4256 1557 4312 commoneri
1570 4257 1605 4314 ab
1620 4272 1655 4313 eo
1676 4260 1760 4328 possit
1784 4259 1806 4315 is
1821 4258 1861 4328 qui
1873 4258 1895 4310 itt
1950 4275 1951 4280 ¹

1110 4345 1287 4414 praeoptatum
1303 4346 1426 4416 lapsurus
1444 4355 1496 4412 ost,
1512 4348 1549 4400 uti
1565 4357 1717 4416 reuocetur,
1733 4358 1761 4405 et
1780 4365 1832 4403 nun
1845 4361 1895 4401 eor·

1109 4436 1374 4506 ruratinpercatum.
1396 4437 1737 4510 Negligentiorcsquuqne,
1760 4437 1951 4505 eteusqui
1950 4425 1951 4446 ¹

262 4542 317 4597 qne
328 4531 469 4597 prosator
481 4530 603 4585 crebrius
618 4546 700 4602 panes
712 4533 821 4587 acsales
834 4531 1059 4605 suessonam
1076 4517 1198 4581 liranus
1209 4527 1242 4582 ad
1259 4527 1420 4584 audiendum
1438 4530 1548 4585 uerbum
1569 4530 1616 4590 llet
1627 4532 1770 4599 accedunt
1787 4546 1837 4587 noc
1849 4529 1896 4582 su

1110 4618 1183 4672 licito
1197 4619 1229 4672 ad
1244 4620 1362 4689 episcopi
1375 4628 1518 4675 tractatum
1533 4622 1694 4678 conueniunt
1699 4622 1768 4691 ,ipsi
1785 4633 1897 4676 cumrato·
1950 4665 1951 4684 Ι

1109 4719 1191 4763 noant
1203 4718 1231 4765 et
1244 4710 1395 4767 bortentur.
1416 4710 1444 4767 Si
1458 4713 1529 4768 enirn
1544 4711 1647 4768 assblui
1670 4712 1726 4768 sint
1746 4713 1779 4767 ad
1794 4710 1897 4767 audien·
1950 4695 1951 4752 Ῐ

1108 4805 1182 4874 dum,
1204 4821 1257 4863 non
1276 4809 1362 4864 solnm
1378 4811 1441 4865 ritas
1456 4820 1564 4865 aeternas
1584 4808 1733 4865 extalubri
1755 4802 1897 4864 commoni·
1950 4817 1951 4884 ι

1110 4896 1184 4953 tione
1195 4898 1305 4969 capiunt
1323 4902 1407 4962 incra,
1427 4915 1519 4956 return
1535 4911 1562 4954 et
1577 4914 1746 4971 quaeeunque
1768 4899 1822 4954 illas
1840 4901 1897 4951 sum
1950 4889 1951 4972 ¹

1108 4988 1224 5044 tristitie
1236 4990 1277 5044 sel
1289 5005 1419 5045 rntnrores
1435 5001 1515 5061 ⁸quae
1529 5007 1563 5047 et
1578 4990 1719 5060 presentis
1732 4991 1796 5044 ritas
1810 4999 1897 5042 necet·
1950 4979 1951 5030 ι

1106 5080 1231 5136 sitatibus
1243 5080 1403 5138 cicladibus
1418 5090 1569 5151 temporum
1584 5084 1707 5151 renium,
1723 5088 1896 5151 quaequetut·
1950 5093 1951 5116 t

1106 5170 1193 5226 loriam
1208 5171 1377 5227 sermonibus
1391 5172 1418 5227 in
1443 5173 1525 5229 corde
1547 5187 1596 5230 suo
1615 5172 1689 5228 uelut
1707 5164 1896 5242 iaculabitur
1950 5155 1951 5184 ¹

1106 5418 1232 5489 pertimuit
1248 5417 1335 5474 codex
1350 5418 1461 5483 Labbei,
1478 5417 1572 5473 Gnaeo
1587 5424 1661 5473 texto
1677 5415 1854 5487 approbante.

1140 5488 1153 5526 ⁶
1174 5489 1240 5543 Coti.
1258 5489 1336 5543 llinl.
1352 5490 1450 5542 omittit
1462 5490 1502 5542 orl
1511 5488 1617 5556 aliquod
1631 5493 1738 5542 maliana

1141 5559 1239 5614 alind.
1257 5559 1337 5616 lianl.
1354 5559 1439 5641 prima
1455 5574 1536 5611 mauu
1546 5559 1637 5629 ‚qai,
1662 5562 1809 5614 rrunruurt
1825 5568 1894 5621 quer:
1950 5597 1951 5618 Ι

1104 5638 1132 5682 ot
1153 5639 1327 5700 postpauca,
1357 5630 1478 5694 territant,
1502 5627 1894 5700 quaecuuquescrntorriboarris
1950 5691 1951 5696 ἵ
