4000 6175
174 226 222 284 sos
397 231 509 288 conns
527 231 690 290 cstotun
711 232 850 291 unctes.
872 237 915 294 cr
934 218 1223 326 consrtroronun
1242 242 1271 299 s.
1292 243 1393 302 senis
1410 245 1578 304 truscos.
1646 254 1648 259 ¹
1750 236 1802 308 tio

379 341 458 414 423
470 342 666 402 ctt‘tttlttitt
686 342 755 402 itit.
975 353 1004 412 Δ·
1015 352 1113 406 ueteris
1127 352 1248 420 Arabim,
1264 354 1476 426 blesopotamiae,
1494 358 1611 426 cilicie,
1633 357 1756 427 baurim
1777 373 1805 418 et

1016 439 1074 494 baec
1085 443 1280 498 constituerunt
1293 460 1353 515 nnae
1368 445 1437 502 inin
1450 449 1548 519 scripta
1564 460 1635 504 snut.

1049 528 1062 571 t
1076 530 1096 585 Ι.
1110 531 1266 603 omnesqui
1280 534 1380 591 auderit
1394 537 1540 593 dissolvere
1549 539 1669 610 regeriam
1684 540 1768 597 sancti
1778 551 1805 597 et

163 612 266 669 Sancta
283 618 311 667 cl
326 610 496 681 pecatissima
512 613 658 683 synodoce
674 615 822 671 Antiochiae
836 617 863 672 in
878 630 961 673 ustum
1013 623 1102 693 magni
1114 621 1221 679 concilii
1235 625 1353 693 Nicaeni,
1367 626 1438 696 qnod
1458 628 1621 683 celebratum
1640 630 1720 686 estio
1736 642 1805 702 prte-

201 682 436 808 mffiffiff
452 683 498 809 3¹⁸⁵
513 698 561 752 W
577 685 962 815 ⁸⁵⁴'ssd¹¹¹².⁸b¹''‘3'‘'f3⁰³⁸⁸.⁸”“j
1011 712 1099 768 sentia
1121 714 1223 770 domini
1247 717 1422 772 amantissimi
1443 718 1611 774 constantini
1635 720 1805 791 imperatoris

201 771 297 878 'aaz'
342 770 356 807 ¹¹
418 768 450 809 Μ
473 768 628 811 ⁸⁰⁰⁰⁸³⁰⁰¹
647 764 684 812 ⁰⁰
706 773 777 819 ⁰⁸¹⁰
816 772 947 816 ωηο..
1012 806 1159 872 uostri,de
1174 805 1289 863 saecul
1305 806 1449 865 leutititatc
1465 809 1741 879 pascbsliSaisatoris
1756 828 1804 869 rtu-

1011 895 1074 961 stri,
1099 897 1367 955 incommunicabiles
1388 906 1416 955 ct
1437 898 1540 970 eiectos
1553 900 1587 956 ab
1602 901 1721 957 Ecclesia
1742 914 1820 960 essu.

202 975 294 1031 Gratis
306 984 334 1029 ct
347 977 447 1031 ueritas
461 973 568 1030 bomini
578 973 620 1030 'et
638 974 784 1032 saltatoris
796 978 881 1032 nestri
894 976 960 1035 lesu
1011 986 1126 1053 debere,
1143 990 1260 1045 maxime
1272 989 1294 1045 si
1309 999 1329 1027 ¹¹¹
1340 993 1572 1061 perseuerauerint
1589 993 1679 1049 studio
1691 1006 1803 1051 conten-

162 1067 266 1124 Cltristi
284 1076 405 1121 sanctam
419 1065 613 1122 Antiochenam
626 1067 772 1123 Ecclesiam
787 1067 915 1134 sisium,
931 1078 959 1126 et
1012 1076 1092 1131 tionis
1106 1076 1139 1131 ad
1153 1079 1331 1134 subvertenda
1346 1095 1377 1135 ca
1390 1084 1559 1153 quboptlme
1573 1086 1717 1141 constitute
1728 1097 1800 1142 sunt.

160 1160 189 1215 in
202 1158 299 1215 endem
312 1164 476 1212 connectens
487 1160 714 1228 perconcouliam
726 1158 887 1228 pacatissimi
899 1158 960 1228 Spi-
1011 1164 1046 1221 Et
1059 1164 1117 1221 buc
1131 1169 1238 1237 quidem
1251 1174 1267 1204 ¹·
1285 1169 1354 1225 dicta
1373 1178 1437 1226 sunl
1456 1172 1490 1227 de
1510 1173 1595 1228 laicis.
1614 1173 1643 1229 st
1658 1187 1748 1230 antem
1767 1175 1803 1231 du

160 1252 250 1315 ritus,
264 1249 349 1304 multa
367 1246 474 1318 quidem
489 1250 582 1305 utalia
604 1260 616 1290 ⁶
635 1251 747 1320 pcrlecit
764 1267 772 1303 z
788 1250 816 1305 iu
834 1242 959 1308 minibus
1010 1259 1163 1328 praepositis
1177 1259 1305 1315 neuterio
1320 1268 1333 1297 ⁰
1348 1261 1460 1332 aliquis,
1473 1262 1500 1319 id
1515 1274 1571 1332 est,
1587 1266 1630 1321 tel
1642 1266 1801 1337 opitu-pus,

158 1357 253 1399 sutem
274 1352 436 1412 stuperente
454 1350 549 1396 sancto
571 1355 599 1399 st
624 1342 736 1411 pacilieo
756 1341 856 1412 Spiritu
877 1344 958 1399 etiam
1007 1354 1051 1405 rel
1067 1349 1219 1423 presbyter,
1233 1353 1275 1406 rel
1288 1350 1415 1409 dlaconus
1429 1355 1801 1424 postltancdetinitloncnict

159 1438 212 1494 boc
226 1436 360 1508 perfecit,
377 1446 405 1491 nt
418 1450 478 1506 osse
491 1434 549 1489 risu
570 1446 629 1489 som
648 1446 722 1492 recte
741 1437 881 1502 constitui,
895 1451 957 1493 cnm
1007 1430 1080 1497 bunc
1099 1442 1242 1497 luminum
1261 1443 1290 1497 in
1306 1442 1508 1501 subversionem
1524 1448 1682 1518 populorum
1701 1461 1729 1505 et
1747 1449 1801 1507 lic·

148 1528 277 1599 *plurima
292 1529 545 1584 considerationem
556 1526 723 1596 iodiciouna
738 1527 887 1584 ornrsiisnstl
900 1533 954 1584 dn·
1008 1533 1150 1588 clesiurnm
1175 1534 1402 1605 perturbationem
1425 1537 1540 1605 nitatur,
1565 1555 1598 1596 ac
1619 1541 1659 1596 sio
1681 1542 1800 1600 renitens

157 1622 271 1678 tiocltice
284 1635 317 1677 es
336 1621 450 1676 diuersis
465 1618 610 1689 protinciis
626 1620 652 1674 itt
666 1632 749 1675 unum
768 1621 890 1677 collectis
902 1620 958 1693 epi·
1007 1638 1069 1679 com
1083 1620 1184 1681 ludaris
1198 1624 1301 1681 Pascha
1314 1627 1428 1684 volucrit
1442 1628 1595 1696 celebrsro3
1617 1632 1688 1687 ltunc
1709 1642 1799 1689 mucis

157 1712 252 1782 scirpis
275 1712 303 1765 ln
322 1719 439 1766 restrum
455 1708 576 1765 notitiam
590 1709 771 1766 deicerentur.
789 1710 958 1768 ·Credlmus
970 1718 995 1780 Β
1008 1714 1129 1786 synodon
1143 1714 1177 1770 ab
1193 1714 1244 1771 boc
1261 1715 1316 1785 jam
1335 1717 1452 1773 ulmorum
1468 1718 1502 1775 ab
1522 1718 1642 1777 Ecclesia
1654 1722 1799 1793 judicarit,

157 1813 250 1859 soteris
261 1801 358 1873 gratie
373 1801 494 1868 bomini,
509 1809 538 1857 et
550 1808 645 1855 sancto
656 1801 766 1872 Spiritui
781 1802 871 1873 pacis,
883 1803 956 1874 quod
1006 1812 1133 1876 unquam
1146 1820 1207 1862 eum
1221 1806 1268 1876 oui
1282 1822 1335 1863 uon
1354 1809 1442 1863 solum
1460 1810 1560 1880 proprii
1579 1812 1698 1882 purcstb
1713 1815 1760 1871 sod
1772 1823 1802 1872 ct

157 1905 186 1952 et
200 1894 256 1966 ipsi
272 1894 462 1964 conspirabitis
476 1894 617 1949 nobiscnm
637 1901 762 1965 tmquam
780 1895 807 1950 iu
821 1908 874 1950 usta
889 1890 956 1952 luis·
1006 1894 1121 1950 aliorum
1135 1907 1268 1966 corruptas
1286 1897 1384 1954 mentis
1397 1907 1426 1954 et
1438 1902 1650 1958 conversationis
1668 1905 1799 1974 supplan·

157 1994 227 2049 sctis
242 1990 362 2059 uirtute,
379 1997 408 2045 et
421 1988 560 2044 nobiscnm
579 1986 770 2044 orationtbns¹
787 1988 956 2056 conitentes,
1007 1994 1078 2041 tator
1096 1989 1229 2043 esstiterit
1243 2001 1315 2044 rcus.
1330 1986 1363 2044 tit
1380 2002 1433 2043 nos
1452 1989 1538 2045 solum
1557 1991 1741 2062 usstmuouin
1752 1994 1800 2051 de·

158 2082 249 2153 magis
268 2091 360 2136 sutem
374 2080 456 2147 sciti,
470 2086 499 2134 et
517 2081 543 2133 in
562 2077 662 2149 Spiritu
680 2088 775 2135 sancto
793 2086 955 2148 presentes,
1007 2078 1082 2146 ponit
1101 2093 1116 2133 s
1136 2079 1302 2146 sacerdotio,
1324 2080 1373 2137 sed
1391 2088 1420 2137 et
1441 2082 1491 2137 bos
1505 2082 1550 2152 qul
1568 2083 1609 2138 eis
1627 2084 1685 2141 susi
1701 2085 1800 2142 buerius

157 2174 270 2229 hisdem
285 2169 352 2243 ipsis
370 2186 431 2242 quac
444 2169 554 2224 delinita
568 2176 631 2223 sunt
648 2169 862 2234 eonsentientes,
883 2178 910 2225 et
924 2184 956 2225 es
1006 2170 1206 2226 communicare
1225 2179 1285 2239 post
1307 2171 1542 2227 damnationemt
1557 2173 1697 2243 bepositos
1709 2184 1799 2233 numm

157 2282 221 2337 ψη
237 2274 310 2320 recta
323 2263 382 2317 risa
394 2271 457 2315 sunt
467 2259 639 2324 roborantes,
652 2274 712 2315 cum
726 2275 859 2316 consensu
871 2258 956 2314 sancti
1007 2258 1204 2335 etia,tnbunstre
1218 2257 1299 2331 ηπ
1312 2260 1357 2326 oui
1371 2259 1540 2317 extrinsecus
1550 2271 1593 2317 cst
1607 2260 1708 2332 privari
1720 2279 1797 2333 epor-

157 2356 281 2427 Spiritns
293 2352 496 2424 consignabitis.
511 2352 580 2407 Sunt
594 2360 683 2406 antem
703 2351 827 2421 praefiniti
840 2365 958 2406 canones
1009 2358 1056 2415 tet,
1070 2354 1172 2419 *mem
1184 2360 1292 2405 sanctus
1301 2360 1386 2405 moon
1400 2359 1428 2406 et
1438 2348 1487 2406 Dei
1499 2351 1678 2409 sacerdotium
1690 2355 1797 2412 succutit.

158 2448 341 2505 centusi-„istim
364 2448 390 2500 tsi
413 2443 540 2515 quiittlra
555 2442 650 2512 scripti
669 2441 837 2515 ecculm
856 2442 884 2498 ln
904 2457 958 2515 qus
994 2478 995 2481 ,
1043 2438 1076 2497 ii.
1091 2439 1249 2510 omnesqui
1268 2439 1455 2510 ingrediuntur
1476 2439 1623 2498 becleslam
1640 2444 1687 2500 liei
1707 2452 1735 2500 et
1752 2458 1798 2499 sa-

158 2541 268 2613 syuodo
288 2540 395 2592 iucrnnt
418 2545 431 2584 s
451 2534 593 2599 Eusebius,
613 2532 778 2605 mutum,
803 2532 957 2600 Narcissus,
1008 2544 1067 2588 cras
1086 2531 1238 2602 Scripturas
1253 2532 1375 2601 audiunt,
1397 2548 1451 2589 nott
1472 2542 1561 2590 atttem
1575 2549 1636 2590 cum
1659 2536 1756 2606 populo
1770 2537 1797 2594 ln

158 2632 324 2697 Antiochus,
340 2629 494 2695 tunetunc,
511 2626 525 2664 l
540 2626 709 2694 Eustochius,
726 2624 868 2682 llocintns.
882 2626 957 2682 llisi·
1008 2625 1132 2682 oratione
1144 2625 1353 2692 communicant,
1366 2635 1378 2664 ¹
1393 2625 1569 2681 adversantur
1583 2627 1663 2682 etiam
1679 2640 1797 2684 sunctum

159 2728 231 2790 cius,
245 2721 253 2760 t
269 2720 408 2787 llnnics‘us,
421 2718 551 2786 Eteocles,
562 2716 686 2783 luceius,
697 2718 820 2788 Apepius.
834 2716 956 2784 llopttus,
1009 2719 1218 2787 sssttmptionem
1238 2716 1368 2774 uominici
1383 2718 1545 2775 sacramenti
1562 2719 1708 2774 secundum
1723 2737 1799 2776 stram

159 2811 261 2876 Eneus,
276 2809 431 2874 ilteodolss,
449 2813 456 2857 t
476 2808 578 2877 Alpinis,
593 2804 713 2873 illectos,
729 2807 858 2877 Apupius,
874 2806 959 2861 Tinur-
1009 2809 1125 2879 aliquam
1141 2807 1318 2877 disciplinam,
1339 2814 1389 2865 iios
1407 2809 1467 2880 ejici
1490 2809 1523 2864 ab
1537 2809 1656 2865 Ecclesia
1680 2822 1797 2880 oportet,

158 2904 335 2963 redissemus,
349 2898 457 2964 Russus,
469 2896 624 2959 Alexander,
642 2896 746 2962 Petrtss,
762 2894 859 2961 Hesus,
872 2895 959 2950 hesi·
1009 2899 1095 2954 dorice
1108 2901 1277 2965 condientes,
1295 2898 1410 2955 lrnctttm
1426 2900 1590 2970 ponitentiae
1602 2902 1797 2968 demonstrent,

159 2995 230 3061 cisse,
244 2991 388 3056 Anatolius,
404 2988 583 3055 lloeesloniss,
598 2985 703 3055 Petrus,
717 2985 821 3057 Cydne,
838 2985 957 3043 ricum·
1010 2999 1038 3047 et
1050 2990 1186 3061 deprecati
1202 2991 1311 3058 luerint,
1329 2992 1339 3029 ²
1356 3002 1384 3046 ut
1397 2992 1458 3047 tiata
1473 2993 1551 3048 uenia
1565 2994 1662 3064 suscipi
1676 3009 1797 3050 merean-

357 476 452 551 Iucipt't
465 482 604 536 curulium
616 483 812 539 Antiocltsosnt.

159 3102 220 3154 res,
229 3083 397 3148 Theodosias,
408 3081 441 3137 de
452 3080 588 3150 prosincis
598 3079 797 3152 syriae-cutes,
811 3079 955 3154 Phoenicis,
967 3075 992 3141 C
1010 3095 1064 3142 tur.
1078 3086 1135 3141 Non
1150 3097 1238 3144 nutcm
1252 3087 1332 3143 liceat
1346 3086 1545 3142 communicare
1556 3086 1798 3156 incommunicatis,

204 3280 220 3310 ¹
232 3268 316 3340 liujus
329 3265 435 3324 concilii
451 3264 618 3320 occasionem
633 3278 665 3319 uo
683 3272 792 3332 lemptts
808 3263 959 3321 deteximus
1010 3268 1163 3322 munientes.

162 3342 189 3398 irs
209 3341 350 3411 premisso
364 3345 477 3392 tractetis
501 3344 570 3405 pnes.
584 3351 610 3401 t,
623 3351 649 3391 c.
663 3335 690 3401 l,
712 3335 767 3406 β.
788 3336 851 3392 llaec
870 3336 959 3390 tersio
1045 3346 1066 3374 ω
1081 3338 1178 3393 Veron.
1192 3350 1253 3390 cttm
1265 3337 1350 3404 sulp..
1366 3345 1532 3402 pernoctent.

162 3422 208 3468 est
222 3413 264 3467 ilia
281 3409 388 3479 Antiqua
406 3423 481 3477 otuu,
497 3407 531 3460 ab
549 3406 650 3461 isidoro
665 3416 789 3473 recepta,
811 3406 957 3476 isidoriana
1047 3415 1060 3443 ¹¹
1077 3407 1172 3461 iiclins
1185 3408 1246 3460 cod.
1263 3408 1338 3472 tien,
1353 3408 1422 3462 dictu
1435 3410 1496 3461 siut.

163 3483 257 3538 rimari
277 3481 356 3536 solet.
378 3476 480 3532 nent-n
498 3475 604 3529 eudicus
623 3476 701 3543 ltttjns
720 3475 904 3537 collectionis,
928 3490 959 3530 ac
1048 3475 1243 3544 ⁰Quesuellus,
1257 3477 1650 3546 uliquisestoelepiscopus,tul
1659 3479 1799 3551 presbyter,

165 3564 268 3622 praeter
287 3549 449 3616 cuempiam
462 3546 649 3600 collectionum
672 3546 745 3608 llisp.
765 3552 793 3600 et
812 3545 874 3600 isid.
886 3587 894 3611 ,
910 3559 960 3600 tros
1011 3549 1049 3602 sel
1061 3548 1194 3609 diaeonus,
1205 3548 1248 3616 qui
1260 3556 1316 3612 post
1327 3548 1403 3608 bunc,
1415 3558 1468 3599 etc.
1479 3545 1652 3602 Correxisnus
1662 3563 1721 3602 cum
1734 3564 1800 3607 mss,

163 3624 289 3677 easndeut
305 3620 376 3676 nocti
391 3633 482 3673 sumus
499 3619 523 3669 in
544 3616 764 3685 praestantissimo
781 3618 842 3670 cuti.
858 3616 956 3669 veron.
1011 3616 1105 3682 vind,
1116 3616 1215 3670 Veron.
1229 3615 1338 3682 etnttist.
1353 3616 1414 3668 itos
1431 3614 1529 3679 lino..
1543 3614 1639 3671 deletis
1654 3617 1762 3673 vocibus
1775 3632 1799 3675 es

164 3694 214 3761 58,
229 3693 272 3763 qni
289 3705 381 3760 puram
398 3686 528 3758 cuiusmodi
544 3687 693 3741 termonem
716 3687 835 3739 omniurn
853 3683 960 3741 Gmco·
1012 3689 1079 3741 bunc
1092 3686 1243 3745 terttluum,
1257 3686 1426 3755 prosequitur
1436 3687 1496 3739 sic:
1516 3701 1594 3740 uorsus
1605 3688 1682 3755 snserit
1693 3688 1722 3741 in
1738 3691 1800 3743 suit·

166 3779 229 3821 rum
243 3776 375 3817 canonum
390 3760 543 3813 contionata
558 3757 628 3811 serio
643 3756 761 3812 exbibet.
1011 3757 1151 3812 tersionem
1165 3755 1337 3827 populorum,
1357 3763 1381 3809 et
1400 3756 1612 3823 perturbationem
1629 3755 1800 3813 Ecclesiorunt

204 3833 298 3887 beon.
312 3831 411 3885 ieron.
426 3839 487 3883 curu
503 3830 609 3896 uulgato
622 3824 716 3882 Gruco
732 3835 805 3880 testu
817 3824 890 3880 delet
904 3825 959 3879 An·
1011 3829 1129 3893 renitere,
1144 3837 1166 3879 et
1180 3842 1238 3881 cusu
1251 3821 1349 3880 luderis
1365 3821 1465 3879 Pascite
1475 3827 1603 3880 celebrare
1608 3843 1617 3892 ,·
1631 3827 1699 3881 bunc
1711 3838 1800 3882 sanctu

166 3904 279 3959 tiocliu.
301 3901 366 3956 Dein
386 3899 455 3956 idcttt
473 3897 535 3954 cod.
555 3901 660 3968 ignorat
677 3897 773 3952 sanctis
791 3896 961 3951 consecutio·
1012 3897 1125 4022 spondes
1134 3898 1191 3963 jum
1201 3898 1309 3969 juraque
1327 3892 1488 3950 robustum
1502 3897 1616 3950 alienum
1634 3913 1688 3952 esse
1697 3899 1801 3972 judico·
1871 3907 1875 3915 ’

166 3976 246 4028 tibus.
1013 3970 1063 4033 bt,
1085 3976 1207 4036 temnunt
1218 3965 1263 4035 qui
1278 3982 1328 4037 nou
1343 3966 1427 4020 solnm
1444 3967 1542 4035 proprii
1563 3967 1660 4032 pcccati
1677 3984 1737 4022 reus
1748 3970 1800 4037 sit,

206 4043 277 4098 ‘Sic
287 4038 366 4097 codd.
382 4037 461 4093 tion.
474 4047 503 4094 cl
513 4039 613 4095 Veron.
627 4052 689 4093 cum
704 4037 777 4109 vulg.
788 4036 870 4091 Cotto.
883 4035 960 4103 Apud
1012 4040 1058 4092 scd
1076 4048 1099 4090 et
1118 4039 1230 4091 ullorum
1249 4036 1417 4092 eleemonis
1433 4045 1457 4090 et
1477 4038 1568 4091 muniit
1582 4047 1710 4103 corrupte
1725 4040 1802 4105 {tuerit

167 4101 288 4183 Quem„
313 4107 383 4181 [ecit.
405 4109 501 4167 Postua
523 4125 573 4182 pro
596 4116 663 4163 recte
687 4122 738 4164 ms.
763 4106 859 4163 ieron.
881 4105 962 4162 babet
1014 4125 1102 4163 cousu.
1117 4107 1179 4162 liccc
1190 4108 1268 4162 lectio
1282 4105 1316 4160 ob
1328 4121 1359 4160 ea
1373 4121 1452 4171 uttam
1466 4105 1510 4160 ulii
1524 4105 1602 4161 codd.
1621 4107 1682 4161 isid.
1700 4108 1802 4162 semio-
1907 4171 1910 4176 Α

169 4191 250 4240 rectu
1015 4181 1056 4232 nis
1077 4177 1224 4248 ptulerunt
1247 4177 1357 4234 trimitnu
1378 4175 1523 4248 discrepat.
1542 4175 1609 4234 cut.
1627 4175 1725 4235 l'ernst.
1740 4191 1802 4232 cunt

206 4251 302 4307 tl(iod.
318 4247 417 4305 Veron.
433 4265 494 4305 curo
509 4249 581 4318 sulp.
597 4244 680 4304 Cotto.
696 4245 862 4303 additnobis.
1013 4259 1105 4304 nostra
1122 4249 1236 4303 lectione
1252 4246 1449 4312 concipiuntur
1465 4246 1536 4316 qttssd
1552 4247 1631 4301 babet
1644 4247 1756 4300 clientum
1770 4246 1803 4301 ob

207 4324 308 4378 ·ldcm
318 4321 391 4386 cod,
404 4319 536 4376 Credimus
551 4318 629 4373 entim.
1014 4315 1130 4373 Ecclesia
1138 4317 1277 4392 judicabit.
1295 4317 1372 4386 ittig.
1388 4316 1450 4372 isid.
1469 4319 1495 4372 in
1512 4320 1563 4373 boc
1582 4317 1667 4371 solnm
1683 4318 1801 4381 saniant,

208 4393 218 4434 t
233 4397 332 4458 oront,
347 4392 509 4462 adiuvantes.
524 4390 583 4444 llos
599 4388 698 4443 ilerou.
710 4401 771 4440 cum
783 4387 867 4458 sulp,
880 4387 961 4460 utnps's
1013 4398 1036 4443 et
1051 4390 1117 4442 bunc
1131 4389 1267 4442 terminum
1280 4402 1359 4441 nutus
1372 4387 1446 4446 luerit
1459 4392 1486 4440 lu
1500 4387 1684 4442 suosersiouen
1694 4387 1803 4457 populo·
1828 4438 1832 4445 ,

169 4477 256 4522 cutem
270 4462 363 4515 mentiti
378 4469 401 4514 et
418 4462 444 4514 in
464 4459 563 4530 Spiritu
581 4471 679 4514 coneto.
695 4457 761 4513 Cttttt
780 4458 821 4516 iris
842 4460 963 4514 ittseren-
1014 4474 1071 4513 runt
1090 4467 1113 4513 ct
1162 4460 1344 4511 rtnsbutiooem
1358 4453 1532 4511 Ecclesiurum
1545 4457 1651 4512 mortim
1667 4458 1803 4527 collipere,

170 4538 231 4592 datu
248 4530 410 4587 credidimus
425 4530 639 4600 prepositorum
654 4530 699 4596 in,
714 4545 793 4599 qnam
811 4529 911 4599 Quesn.
933 4538 960 4583 et
973 4558 1002 4619 n
1016 4538 1039 4584 ct
1053 4544 1111 4582 com
1145 4528 1225 4582 uinis
1238 4527 1351 4589 Priscian,
1367 4535 1422 4581 etc.

171 4609 233 4662 cod.
246 4602 328 4658 Viud.
341 4601 473 4671 ignierant.
610 4617 614 4623 ’
756 4609 758 4614 ’
1044 4608 1063 4670 ιι’
1077 4598 1143 4653 uon.
1162 4591 1279 4663 Verum,
1295 4597 1419 4666 deponet,·
1435 4595 1530 4660 tino..
1548 4596 1642 4669 deponi
1655 4597 1717 4650 sinit
1732 4613 1804 4652 usu·

206 4672 302 4729 eliud.
317 4673 396 4726 iliud.
410 4670 524 4725 secunda
541 4683 619 4725 manu
633 4669 706 4724 addit
717 4669 838 4742 episcopi.
1014 4669 1127 4723 cerdotio
1148 4679 1173 4722 et
1193 4668 1345 4724 sniuisterlo.
1369 4667 1446 4738 turp.
1463 4679 1570 4739 ottoque
1595 4667 1696 4722 addmtl
1715 4676 1738 4723 et
1757 4670 1805 4723 setl-

207 4744 287 4801 ηις,
303 4742 413 4804 ierom,
428 4740 590 4803 Etsstutltius,
606 4738 745 4800 llucintus,
763 4739 875 4794 Esicius.
1014 4741 1131 4794 nisurio.

210 4815 218 4854 i
238 4814 273 4868 lta
289 4813 367 4867 cuod.
384 4811 459 4866 llind.
476 4821 503 4866 et
517 4812 616 4865 Veron.
633 4810 807 4876 Qitusncllns,
824 4809 962 4875 llouiens,·
1050 4817 1065 4860 t
1082 4810 1216 4881 Depositos
1232 4819 1291 4863 otim
1306 4808 1405 4861 uostris
1417 4805 1495 4863 codd.
1511 4816 1542 4863 ct
1557 4807 1672 4880 uolgatis
1686 4809 1805 4878 prcctuli-

173 4898 200 4942 et
223 4892 299 4941 notat
320 4884 347 4939 in
371 4881 490 4954 margine
510 4882 631 4937 codicem
653 4879 758 4936 iltuen.
783 4881 882 4936 babere
901 4879 961 4934 iln-
1014 4893 1085 4935 nnsis.
1101 4880 1302 4949 Sulmonem„
1315 4875 1476 4945 Depositum.

174 4959 270 5012 nutius.
574 5010 576 5014 ,
1053 4960 1064 4989 ¹
1085 4951 1122 5004 ita
1136 4952 1215 5006 codd.
1230 4951 1317 5004 (ison.
1333 4958 1361 5003 et
1376 4948 1475 5004 l'crou.
1490 4963 1550 5004 cum
1565 4949 1639 5018 strip.
1655 4945 1718 5002 isid.
1732 4945 1804 5002 con-

210 5029 218 5078 i
238 5026 350 5087 ieron..
362 5023 487 5093 Amplius.
502 5021 597 5078 lensio
611 5022 709 5092 prisca,
722 5019 849 5088 Alpinium·
866 5019 963 5077 melius
1015 5021 1081 5075 cluit
1096 5021 1187 5088 lind,
1200 5021 1244 5089 spii
1260 5020 1346 5074 soluto
1359 5028 1609 5088 prosunctuseonou
1625 5018 1705 5071 ltabet
1717 5026 1806 5070 souetn

175 5097 288 5169 tttpteus
300 5110 333 5150 ex
347 5094 459 5178 epistola
476 5091 642 5148 Constantini
663 5092 732 5162 apud
747 5092 909 5156 Eusebium,
929 5090 964 5146 de
1015 5092 1115 5156 reptile.
1126 5093 1357 5171 Qtncsnmnmms.
1374 5087 1492 5171 Tincam,
1506 5103 1580 5157 quem
1591 5086 1684 5140 conctis
1698 5086 1804 5140 conotu-

175 5163 652 5290 nnnttnutn‘ttntn
669 5227 713 5295 n,
732 5239 759 5287 ..
836 5229 964 5297 Μ
1017 5160 1064 5266 ⁶¹¹:
1077 5161 1478 5293 ‘ttt.futttt.titt..
1501 5225 1615 5294 Μ
1637 5211 1807 5280 Μ

177 5321 259 5361 unum
269 5319 409 5362 numerum
420 5314 513 5373 auget,
527 5315 560 5357 eo
570 5303 812 5371 qnodptaemissam
825 5302 963 5370 epistolum
1017 5301 1093 5354 etinnt
1104 5310 1201 5358 snuetn
1214 5298 1392 5364 essuruptionl.
1410 5295 1552 5350 Alorlind.
1564 5307 1627 5350 com
1641 5293 1713 5368 nolu.
1728 5294 1805 5361 isid..

177 5378 263 5446 signet
273 5392 347 5431 ttttttt.
357 5374 484 5430 l.i>ostea
496 5372 594 5427 ieron.
606 5371 666 5426 cod.
676 5385 703 5426 et
715 5372 786 5442 sulp.
797 5387 856 5426 cnut
869 5368 963 5426 Gruco
1016 5367 1155 5426 secundum
1168 5367 1282 5436 aliquam
1294 5366 1423 5436 proprium
1434 5365 1609 5431 disciplinam.

178 5443 613 5519 rmoeopclsertiroucobnerentius
622 5439 964 5509 babctstlleittmosttissinsi,
1058 5441 1067 5477 ⁸
1088 5439 1155 5495 Coti.
1169 5438 1266 5503 vind,
1281 5446 1307 5492 ttt
1321 5436 1419 5491 uestium
1433 5446 1577 5491 mereantur
1585 5453 1594 5504 ς
1605 5445 1632 5494 ct
1643 5442 1704 5506 post
1724 5445 1806 5505 peuce

179 5531 211 5574 sc
220 5520 310 5573 delent
323 5515 412 5571 uestri.
1021 5525 1070 5580 pro
1083 5509 1369 5565 incontmunirotisctun
1381 5507 1452 5588 sulp.
1468 5504 1528 5561 isid.
1540 5505 1650 5578 prnlurt
1659 5519 1808 5563 erremus·

217 5584 225 5625 ¹
243 5587 322 5642 lind.
334 5584 450 5641 secunda
463 5597 543 5639 manu
557 5597 617 5637 cum
632 5581 704 5651 vulp.
721 5580 785 5637 isid.
799 5579 873 5638 addit
887 5591 911 5635 ct
922 5595 965 5634 cu·
1021 5581 1123 5637 nicetio.
1139 5579 1203 5638 boin
1218 5581 1321 5652 ignoret
1335 5590 1415 5636 voces
1429 5592 1456 5636 ttt
1470 5577 1596 5636 erutione.

182 5657 267 5713 latori.
276 5657 340 5714 lirin
353 5672 400 5724 pro
410 5653 657 5711 incommunicabiles
668 5653 741 5722 volu.
749 5653 848 5710 liabent
859 5666 962 5707 eacum-
1106 5661 1111 5674 ·
