4000 6175
231 233 293 293 est
703 231 874 292 antennis
893 231 939 289 sn
958 242 987 290 s.
1008 229 1130 290 tronis
1149 232 1257 291 utum
1274 233 1400 295 cuens.
1681 282 1685 293 ,
1817 239 1872 302 eng

240 349 391 421 pertinebat
405 349 446 404 tel
463 349 546 419 potuit
560 349 602 405 sel
617 347 709 405 debuit
725 346 883 418 preteriret
901 343 1027 411 Qitolibet
1042 347 1065 405 A
1080 360 1161 416 quum
1176 356 1276 403 nostro
1295 344 1493 403 communionis
1508 344 1631 404 domines
1650 347 1706 418 lam
1726 347 1869 422 deberent,

239 441 319 498 mode
328 441 512 497 hoereticorum
522 440 680 510 complicem
689 439 825 505 resumsit,
836 448 862 495 et
873 449 1026 494 consortem
1079 436 1126 492 sed
1141 445 1268 508 tanqusm
1278 439 1306 494 in
1316 438 1454 494 contrariu
1467 437 1546 507 positi
1558 439 1697 494 consortio
1710 439 1827 499 reiutsri.
1839 444 1870 504 si

237 529 433 587 communionis
447 538 564 585 esterno
579 545 594 584 a
614 544 662 585 sua
682 529 870 585 communione
894 527 1025 593 dimnrit;
1079 541 1144 583 reru
1157 542 1212 583 ttott
1226 529 1505 593 communicaverant,
1519 536 1662 599 antequam
1685 528 1799 587 Anneius
1817 533 1869 592 bue

237 637 289 679 nee
301 635 367 690 opus
378 619 427 674 init
438 634 505 676 nora
516 620 629 692 synodo,
639 635 699 676 cum
714 619 812 677 veteris
822 618 961 675 constituti
971 616 1029 673 sui·
1079 618 1204 685 reierret,
1214 626 1242 675 et
1254 618 1496 674 communicantem
1507 628 1601 676 notare
1612 618 1773 685 debuerunt,
1783 631 1809 679 et
1819 624 1868 697 ipsi

237 713 357 771 sicienter
371 710 422 767 boc
440 710 526 766 iurtna
545 712 747 781 praescriberem
770 727 820 767 nec
839 726 907 780 opus
928 710 978 766 init
998 719 1028 766 ut
1079 710 1166 779 potins
1181 708 1215 766 de
1230 700 1325 765 eodem
1339 708 1391 765 ltuc
1408 709 1615 781 referrentque
1630 712 1869 781 apostolicaesedis

237 804 295 859 ttae
309 810 322 840 ⁸
334 800 454 858 iacienda
468 801 585 858 Orientis
607 802 742 872 episcopis
760 803 902 865 intimaret,
919 814 988 872 qnos
999 808 1028 857 et
1078 801 1170 870 rigore
1190 799 1340 870 perculsum
1359 799 1456 855 merito
1469 801 1663 871 comprobare;
1680 810 1694 851 s
1709 818 1825 876 cumque
1837 822 1870 866 ea

236 892 393 963 expulsione
402 892 607 961 catholicorum,
620 906 681 964 qum
693 892 842 964 agebantur
854 892 881 948 in
897 905 977 948 csusa
994 890 1026 946 d·
1077 888 1142 945 sede
1157 890 1306 960 apostolice
1319 889 1453 959 uotisque
1472 889 1526 945 ittts
1542 891 1685 947 cstiolicis
1698 894 1870 963 pontilicibus

236 985 279 1042 dei
293 1000 346 1041 non
360 984 499 1056 ignorasse
516 984 687 1040 maniiestum
701 985 746 1052 sit,
760 995 789 1040 et
805 983 1028 1040 comtnnnicntde
1066 979 1162 1050 'turgis
1174 988 1267 1036 mttere
1281 978 1465 1035 concordiam.
1478 979 1530 1036 Sed
1544 980 1607 1052 qnia
1618 981 1770 1040 abillnrum
1785 987 1868 1043 socie-

237 1076 370 1132 ltmretieis
391 1076 557 1147 subrogatis,
577 1074 649 1131 iacto
671 1076 716 1130 tali
737 1074 945 1130 ltconsensisse.
968 1073 1027 1129 Non
1077 1080 1133 1129 tste
1153 1072 1340 1138 desciverant,
1353 1082 1485 1130 eteorum
1507 1075 1709 1130 sttcccesutibns
1721 1080 1871 1135 eommuni-
1954 1104 1955 1147 q

236 1167 400 1231 dubiumest
411 1167 491 1223 etism
507 1174 626 1222 externat
638 1165 834 1221 contnumionis
847 1162 968 1229 eiectos,
983 1171 1026 1218 st·
1076 1166 1320 1235 caredelegerntat,
1340 1164 1401 1220 ldeu
1422 1178 1484 1220 enm
1506 1164 1572 1221 sede
1592 1167 1739 1234 apostolice
1763 1167 1871 1227 minime
1954 1156 1955 1175 ¹

234 1274 290 1329 que
298 1259 360 1315 ideo
369 1274 430 1313 cunt
444 1258 483 1313 eis
493 1257 548 1326 jsm
570 1271 620 1311 nec
634 1256 763 1324 purime,
779 1270 828 1311 nec
842 1254 968 1310 debuisse
982 1269 1026 1310 se·
1076 1257 1268 1327 congruebant,
1281 1257 1361 1327 360
1370 1258 1431 1326 quia
1444 1259 1470 1313 itt
1483 1267 1583 1314 sortem
1598 1259 1750 1315 reciderant
1764 1276 1866 1331 precs·
1954 1288 1955 1311 t

234 1349 446 1418 disspostoiicm
459 1347 528 1402 scita
543 1345 661 1400 tractari.
679 1345 748 1400 Ecce
758 1355 924 1415 agnoverunt
939 1344 965 1399 in
979 1359 1025 1401 eo·
1076 1347 1204 1404 ricatoris
1220 1343 1511 1412 securissimum
1525 1346 1584 1403 siue
1599 1347 1681 1404 dubis
1692 1351 1868 1420 perridebsut

236 1452 295 1492 runt
324 1435 490 1506 professione
508 1435 555 1506 qni
581 1434 799 1490 constantissime
825 1435 1025 1504 perdurarunt,
1076 1439 1208 1493 sententia
1227 1446 1423 1507 consequenter
1435 1438 1558 1508 astringi.
1574 1439 1680 1495 0bboe
1701 1444 1862 1501 eumrideri

235 1527 301 1599 quid
317 1526 379 1583 iidei
390 1526 626 1596 communionique
637 1526 777 1581 ‹atltolicae
791 1524 944 1581 deberetur.
1078 1527 1206 1583 nolebant
1223 1542 1284 1583 esse
1303 1527 1475 1597 damnatum,
1495 1530 1557 1600 quis
1575 1544 1608 1586 sc
1623 1534 1821 1602 cognoscebant
1837 1536 1863 1592 ln
1954 1544 1955 1567 t

265 1618 335 1675 (isa.
350 1615 518 1674 iil.-·i2cce
532 1628 698 1686 agnonerunt
713 1614 938 1687 quemadmodum
953 1630 968 1670 a
983 1623 1024 1670 ta·
1076 1617 1170 1673 eadem
1195 1617 1416 1687 prevaricatione
1434 1619 1587 1685 damnatos,
1608 1621 1634 1676 itt
1655 1637 1709 1690 qua
1730 1624 1863 1694 hodieque

149 1778 153 1779 γ
228 1708 305 1766 ttbm
323 1709 484 1779 recedendo,
507 1708 702 1765 immortalibus
719 1707 854 1764 contrariu
869 1708 1022 1775 moliendo,
1041 1712 1185 1773 Bmsnere
1208 1708 1364 1776 persistunt.
1384 1708 1437 1765 Sed
1461 1709 1530 1765 sictn
1550 1711 1577 1766 bi
1603 1711 1685 1769 simili
1711 1717 1862 1774 cenditione

235 1803 317 1876 350
329 1815 345 1856 a
356 1802 407 1857 ilde
419 1811 431 1841 ⁰
442 1813 469 1857 et
483 1802 672 1857 communione
684 1800 816 1857 eatitolica
829 1799 945 1857 deviarit
955 1804 1023 1857 ecs·
1074 1799 1224 1865 cottstricti,
1235 1800 1393 1871 complicem
1405 1816 1482 1857 suum
1494 1817 1546 1859 noo
1558 1815 1671 1875 posstmt
1680 1806 1805 1877 judicare
1814 1825 1864 1866 nott
1954 1846 1955 1849 =

234 1896 308 1964 cius,
330 1907 411 1964 seque
431 1895 530 1963 puriter
551 1908 613 1950 eum
634 1893 729 1949 eodem
750 1890 1021 1949 errorisubdiderint.
1072 1889 1132 1959 jure
1147 1886 1312 1959 datnm'tnm,
1335 1894 1474 1961 coqueret
1488 1907 1564 1950 reum
1578 1906 1692 1965 possunt
1710 1911 1865 1969 eonspemn-
1954 1880 1955 1893 ³

235 1986 304 2042 Eece
321 1994 488 2054 agnoverunt
504 1999 584 2054 quant
601 1983 681 2055 iustis
698 2000 731 2041 ex
751 1986 840 2041 causis
858 2000 907 2056 pru
921 1985 974 2041 ilde
995 1996 1024 2043 et
1074 1988 1115 2035 ter
1127 1978 1283 2047 absoluere3
1295 1980 1393 2036 sicillu
1412 1984 1620 2050 praesuricatere
1631 1987 1705 2055 iuste
1725 1990 1864 2054 dsnrnato,
1954 2044 1955 2057 ,

233 2076 423 2132 communione
442 2076 574 2133 catholica
595 2084 675 2147 atque
695 2078 859 2148 apostolica,
881 2079 925 2134 cni
944 2088 972 2135 et
986 2078 1023 2135 illi
1074 2069 1116 2126 5⁸¹³
1132 2083 1237 2140 lill⁰ll¹¹⁰
1251 2072 1309 2141 peri
1329 2070 1420 2141 jacent
1432 2071 1605 2133 damnatione
1619 2080 1762 2146 prosiluit
1782 2096 1866 2151 lituus
1954 2106 1955 2139 i

131 2226 135 2233 Ι
234 2168 280 2238 qui
295 2169 320 2222 ῑῃ
340 2182 371 2222 02
387 2166 559 2237 perstiterant
579 2170 779 2237 congruamus,
794 2177 824 2223 qq
838 2168 876 2222 tui
896 2170 941 2238 qq}
964 2182 1025 2239 per.
1074 2160 1124 2217 nisi
1140 2162 1327 2231 resipiscentes
1340 2162 1403 2219 inde
1414 2173 1541 2235 poterunt
1551 2181 1660 2237 prorsus
1675 2169 1866 2243 absolsiqnis
1954 2170 1955 2173 ’

233 2261 366 2317 stantibus
377 2260 530 2324 oovttbtnt,
541 2261 576 2315 ab
589 2259 682 2316 eadem
698 2257 863 2315 docebantur
876 2260 969 2326 alieni,
980 2275 1025 2316 se·
1073 2256 1143 2312 sicut
1157 2271 1206 2325 per
1225 2271 1306 2312 unum
1329 2258 1490 2313 scribentem
1505 2274 1598 2315 eornm
1616 2264 1737 2318 omnium
1760 2267 1864 2336 vulgati

234 2352 275 2407 dis
284 2351 439 2420 apostoticae
449 2350 609 2406 auctoritate
618 2350 783 2406 sitremotus
793 2350 906 2405 Aeacius
915 2349 940 2416 l,
952 2350 1024 2421 ejus·
1074 2347 1552 2419 tmnsgrcssioest,quiineamdem
1568 2354 1690 2422 perlidim
1708 2358 1863 2414 reciderant
1954 2360 1955 2423 j

233 2456 286 2509 que
301 2441 400 2512 pariter
417 2443 569 2509 quicunque
583 2439 730 2509 complices
744 2439 921 2505 exstitertmt3
941 2449 1024 2509 atque
1070 2440 1222 2505 antinnetn3
1244 2438 1286 2494 sie
1306 2439 1333 2494 itt
1355 2453 1408 2494 uno
1422 2439 1582 2510 eodemque,
1605 2442 1650 2511 qni
1670 2458 1722 2513 pro
1741 2447 1866 2503 omuibus

228 2532 268 2588 sb
278 2532 323 2588 illa
337 2532 434 2587 merito
444 2530 636 2587 communione
650 2543 711 2585 cunt
727 2528 769 2585 bis
782 2530 928 2600 discretus,
942 2545 957 2585 a
970 2546 1022 2602 quo
1072 2529 1225 2596 scripserat,
1242 2528 1284 2584 tei
1302 2529 1448 2586 scribendo
1461 2531 1581 2587 omniurn
1594 2535 1754 2602 prodiderat
1766 2538 1865 2593 vulun-

233 2635 264 2678 se
278 2622 335 2692 ipse
349 2622 464 2692 primum
477 2636 538 2677 eunt
551 2620 607 2676 suis
618 2620 803 2685 consortibus,
819 2635 834 2675 a
849 2621 1022 2691 pontilicibus
1072 2632 1150 2688 tates,
1168 2619 1176 2658 ¹
1195 2622 1372 2692 transgressio
1382 2633 1425 2678 est
1438 2624 1528 2693 punita
1543 2633 1711 2683 cunctorum.

226 2714 372 2771 catholicis
392 2713 580 2784 discrepando,
594 2712 765 2783 cognoscitur
776 2726 931 2781 separasse;
944 2712 1022 2783 iure·
1107 2710 1268 2767 ctus-t
1281 2711 1597 2780 Qnseadinstrmtionem
1610 2728 1706 2773 t'estrse
1714 2717 1865 2778 dilectionis
1954 2722 1955 2765 ἶ

231 2821 286 2877 que
314 2806 474 2861 senitentiam
497 2804 542 2861 ille
568 2804 746 2859 damnatimtis
772 2803 893 2873 excepit,
915 2803 1022 2859 ceteris
1071 2805 1138 2860 sutis
1148 2806 1308 2875 abundeque
1320 2803 1446 2860 sufficere
1457 2803 1620 2875 judicamus,
1636 2809 1761 2878 quateris
1772 2812 1865 2867 cudent
1954 2862 1955 2869 ,

231 2897 403 2953 consortibus
416 2906 428 2934 ⁶
441 2894 670 2966 promulgandam,
685 2894 731 2964 qui
746 2894 818 2949 >olus
832 2910 882 2963 pro
896 2895 1022 2949 omnibus
1071 2891 1085 2935 ἱ
1100 2894 1193 2959 latius,
1208 2895 1230 2948 si
1246 2894 1373 2950 Dominus
1386 2896 1551 2951 concesserit
1574 2896 1740 2966 laenitatem,
1756 2903 1865 2957 studea·
1954 2886 1955 2933 3

233 2987 290 3043 suis
302 2986 471 3042 consortibus
484 2986 510 3040 in
523 2985 738 3040 communionem
753 2997 783 3039 se
797 2982 925 3039 recidisse
939 2983 1022 3054 perli-
1073 3001 1132 3041 ntus
1143 2999 1279 3054 exponere
1297 3003 1303 3038 ι
1320 2992 1451 3056 quatenus
1462 2997 1490 3042 et
1502 2987 1620 3044 iideiium
1632 2989 1748 3060 quisque
1764 3007 1865 3064 eogno-
1954 3026 1955 3029 =

230 3076 285 3134 dire
296 3077 329 3131 ad
343 3074 517 3146 apostolicam
532 3075 624 3130 sedent
644 3075 732 3130 missis
746 3074 844 3130 littoris
857 3082 898 3130 est
912 3072 1017 3143 proies·
1032 3065 1056 3131 G
1072 3073 1158 3141 sratl,
1180 3075 1246 3132 nibit
1258 3075 1434 3146 apostolieum
1448 3075 1628 3150 sedent,quod
1643 3079 1726 3148 absit,
1743 3098 1864 3154 prepro-
1954 3127 1955 3134 ,

231 3180 289 3221 sus.
304 3164 353 3221 Cui
369 3164 378 3202 ¹
391 3164 414 3220 si
432 3165 695 3220 communicaverunt
712 3162 862 3219 Orietttules
883 3165 1017 3234 episcopi,
1073 3183 1135 3239 pete
1148 3170 1297 3225 censuisse.
1311 3167 1377 3236 Qum
1389 3177 1477 3228 tameo
1489 3171 1623 3228 sententia
1637 3174 1663 3226 in
1676 3174 1808 3230 bracium
1821 3177 1865 3233 de-

232 3271 374 3331 antequam
390 3258 580 3327 tuctetertu,
597 3260 759 3330 parietique
775 3259 926 3315 sinedubio
943 3273 1019 3318 reatu
1070 3262 1176 3326 etintta,
1192 3263 1241 3316 etsi
1254 3262 1363 3318 nomine
1376 3261 1561 3317 tantummodo
1576 3264 1697 3333 praesulis
1707 3269 1863 3336 apostolici,
1954 3255 1955 3260 ¹

233 3355 379 3422 probtutur
390 3354 498 3418 incolui,
507 3353 621 3424 jureque
632 3367 679 3422 per
688 3367 748 3408 eunt
762 3354 921 3408 sententiam
933 3362 1021 3411 trans-
1071 3354 1147 3422 cuius
1162 3363 1221 3408 erat
1241 3353 1334 3421 utiquo
1348 3353 1498 3422 potcstatis,
1524 3352 1643 3423 legitime
1655 3356 1792 3425 probator
1806 3373 1864 3416 esse

231 3443 380 3514 grentonis
400 3456 586 3514 susceperunt,
610 3452 735 3512 tanquam
760 3441 820 3495 laeti
842 3456 903 3497 cunt
922 3442 1019 3498 eodem
1071 3440 1244 3512 deprompta,
1260 3442 1465 3510 praecipuorum
1481 3444 1605 3499 secretim
1622 3444 1768 3512 dirigenda
1790 3448 1863 3504 ride·

228 3536 428 3594 communionis
444 3535 639 3602 exterttae..Qni
658 3536 752 3604 utique
766 3547 819 3588 non
833 3534 938 3589 cottsuli
959 3545 1019 3589 tan·
1073 3551 1166 3603 retur,
1190 3548 1225 3591 ne
1247 3533 1378 3590 custodiis
1401 3534 1499 3604 ubique
1520 3543 1540 3573 ¹¹
1556 3537 1695 3606 praetentis
1722 3540 1865 3611 dispositio

267 3688 284 3719 ²
300 3677 380 3734 iidem
396 3679 484 3748 vulg..
499 3678 613 3732 sciendo,
1071 3678 1194 3734 hocloco
1208 3674 1316 3732 deleant
1329 3673 1543 3742 coniunctionem
1557 3684 1594 3740 et,
1607 3690 1688 3731 sensu
1699 3688 1792 3734 tamen
1807 3679 1866 3734 cti·

266 3747 282 3787 Β
303 3751 330 3803 lb
341 3750 401 3803 dem
416 3757 505 3812 antra,
521 3749 683 3817 menifestum
699 3754 753 3811 ert:
771 3745 814 3800 liic
827 3760 891 3802 tero
906 3748 959 3802 alia
974 3750 1018 3804 ln·
1070 3757 1150 3816 gente
1164 3749 1249 3817 ipsam
1262 3739 1426 3814 prmltxnuits
1437 3747 1578 3815 cumrnlg.
1589 3744 1671 3803 Cone.
1684 3743 1715 3801 ei
1725 3749 1863 3805 cumcun.

230 3821 419 3887 terpunctione
431 3837 438 3872 ι
450 3820 605 3873 crussmisss
617 3817 853 3882 medullatorum
869 3818 946 3871 etiam
960 3834 1019 3874 cum
1070 3819 1171 3876 Veron.
1191 3818 1234 3884 qni
1251 3817 1278 3870 iu
1293 3816 1408 3885 epistnlu
1435 3819 1556 3881 tettuenti
1579 3831 1639 3874 earn
1656 3817 1783 3874 exbibet
1805 3820 1863 3875 ttos

227 3901 341 3946 werne
353 3890 536 3943 constructionis
551 3886 657 3955 effectis,
678 3895 724 3942 nee
746 3887 866 3956 potuisse.
883 3887 942 3941 tter
957 3903 1017 3944 eum
1070 3903 1120 3961 pru
1129 3887 1253 3957 dedisque
1267 3884 1323 3940 Vnt.
1341 3885 1375 3940 is.
1397 3893 1424 3940 et
1444 3886 1570 3942 ttetitnns
1586 3886 1686 3941 babent
1709 3887 1792 3945 lindie
1807 3901 1864 3944 tau·

231 3959 354 4014 omnibus
370 3974 434 4013 utss.
452 3959 589 4012 nostriset
603 3956 710 4010 eternis
729 3956 879 4010 addidimus
900 3959 1018 4027 particu-
1070 3970 1138 4025 tum,
1159 3960 1232 4027 vulg.
1245 3955 1342 4024 Cotto,
1357 3953 1434 4008 bodie
1445 3971 1554 4023 quoque.

230 4030 284 4090 istu
297 4036 351 4099 jum
365 4044 379 4080 a
393 4030 538 4094 ansnello
552 4029 689 4081 omissam.
1110 4027 1118 4066 ἱ
1136 4028 1213 4097 vulg.
1227 4025 1310 4080 Cone.
1324 4040 1356 4079 es
1371 4025 1483 4079 auctiori
1495 4025 1618 4095 exemplo
1636 4022 1779 4082 uictisne
1804 4028 1863 4081 coi-

269 4100 361 4156 ⁸ch
374 4100 460 4154 Oxou.
476 4097 548 4152 delet
571 4107 595 4149 et
614 4096 800 4153 communiore.
817 4096 876 4151 ilos
901 4093 962 4153 Vat.
979 4098 1014 4154 is.
1069 4098 1203 4166 lectionis,
1220 4096 1421 4166 transgressione
1437 4097 1538 4165 psnitn,
1561 4097 1657 4164 pordes
1674 4112 1779 4165 quoque
1806 4114 1865 4152 esst

230 4185 292 4226 cum
318 4170 394 4225 lieri.
423 4169 501 4221 itabet
526 4166 652 4220 cutltolicu
674 4172 752 4236 elque
772 4169 923 4237 uposmlictt.
949 4168 1015 4223 Dein
1067 4170 1156 4223 rodens
1170 4168 1208 4222 uel
1224 4169 1250 4220 itt
1270 4164 1358 4220 sudem
1370 4173 1406 4224 est
1421 4167 1571 4227 complicum
1588 4168 1760 4233 trumqresrio
1773 4170 1863 4233 purtim

232 4241 401 4309 quentellus,
416 4239 537 4299 declaret,
550 4251 624 4305 seque
634 4237 729 4308 puriter
743 4252 801 4289 cnm
809 4236 940 4292 eisdem...
956 4254 1015 4307 per.
1069 4251 1228 4292 cunctorum,
1252 4233 1319 4291 Cum
1342 4236 1367 4290 io
1384 4249 1448 4290 ntes.
1474 4233 1555 4291 iliud.
1571 4246 1600 4292 et
1612 4235 1713 4294 ieron.
1728 4236 1863 4293 babrstur

229 4315 359 4366 stiterunt.
375 4309 581 4363 umectat-tntae
598 4321 659 4361 euttt
676 4308 748 4375 vulg.
764 4317 792 4361 et
807 4311 905 4376 nostris
918 4310 996 4364 codd.
1069 4306 1270 4376 transgressione
1290 4306 1382 4377 punito
1405 4314 1565 4371 cunctorum,
1591 4320 1715 4361 ueremur
1730 4323 1769 4364 ste
1790 4308 1864 4362 anti·

266 4379 375 4448 titttg.
404 4379 486 4434 Cone.
513 4391 547 4433 ex
568 4381 681 4432 auctiori
708 4376 821 4446 epistola
844 4376 965 4432 addunt:
981 4378 1017 4433 sd
1068 4379 1146 4447 quior
1161 4377 1285 4431 librarius
1299 4390 1348 4445 per
1369 4375 1465 4430 saltutn
1489 4390 1505 4430 a
1531 4390 1596 4430 socc
1611 4377 1752 4442 punitsad
1782 4379 1863 4432 sliam

230 4453 304 4522 esjnr
320 4450 445 4522 precipue
463 4459 566 4502 secutus
578 4463 695 4514 esumen,
717 4448 756 4501 uel
769 4448 853 4502 uenire
866 4446 905 4501 rel
917 4449 1017 4506 mittere
1069 4459 1266 4510 transcurrens,
1282 4444 1441 4517 praeterierit
1456 4444 1614 4500 intermedia
1633 4451 1725 4514 tertia,
1753 4463 1816 4517 quae
1837 4449 1864 4502 in

227 4538 280 4575 nott
295 4520 403 4587 cernuis,
417 4527 444 4572 st
454 4534 481 4573 se
493 4523 525 4571 de
534 4517 575 4572 luit
587 4519 712 4581 omnibus,
726 4527 753 4572 stt
768 4517 920 4585 confidebat,
932 4519 1018 4573 obtul·
1029 4494 1056 4555 D
1068 4517 1205 4573 codicibus
1229 4517 1356 4571 auctioris
1379 4516 1494 4584 esempli
1515 4514 1591 4582 nubis
1618 4529 1796 4583 conseruata,
1821 4518 1864 4572 ltie

227 4603 305 4644 stret.
323 4593 388 4647 ttein
409 4605 426 4643 s
445 4589 607 4658 pontificibus
627 4588 785 4654 scripsimus
798 4602 860 4643 eum
877 4591 938 4643 cod.
965 4587 1017 4643 Ve·
1067 4602 1175 4658 quoquc
1187 4585 1333 4655 supplenda
1348 4584 1482 4640 ridentur.

229 4673 289 4714 ross.
305 4675 338 4715 er
353 4660 466 4728 epistola
479 4660 612 4726 setpuenti,
625 4659 669 4712 ubi
683 4658 733 4712 ltuc
747 4657 816 4711 idem
840 4666 920 4723 capnt
943 4673 1017 4726 repc-
1105 4655 1113 4707 l
1132 4657 1176 4713 Sic
1186 4668 1281 4711 omnes
1301 4654 1388 4709 nostri
1398 4653 1476 4709 codd.
1496 4653 1667 4722 Quesnelitts,
1684 4651 1765 4711 tter.
1781 4656 1863 4728 iulg.

230 4737 307 4782 ntum
322 4739 372 4782 cst.
389 4728 468 4796 iulg.
493 4739 521 4783 et
541 4727 641 4794 Quem.
661 4740 721 4780 cusu
735 4726 796 4781 aliie
818 4726 898 4781 codd.
925 4728 1016 4783 delent
1067 4725 1150 4783 Cotto.
1167 4724 1385 4792 itanepcriodum
1400 4723 1524 4780 hocloco
1544 4725 1717 4792 ignorarunt
1740 4726 1863 4783 transic-

230 4799 524 4936 pcqgstutffitgssnnvtffl·
538 4866 612 4923 Cone
637 4863 744 4920 additur
763 4880 822 4919 cem
841 4843 999 4921 consensor
1067 4796 1282 4921 {ggsseantttqmmo
1296 4803 1366 4864 Μ’
1381 4794 1425 4851 um
1440 4793 1550 4850 habent·
1563 4791 1628 4849 Hm
1638 4810 1695 4850 mo
1707 4798 1743 4849 “d
1763 4800 1862 4851 imm

225 4939 307 4995 tibus.
1105 4934 1119 4974 l
1134 4934 1222 4990 titum
1237 4933 1272 4989 de
1283 4931 1335 4988 ltac
1345 4930 1440 4988 eadem
1451 4948 1482 4989 re
1495 4941 1636 4989 tractaturo
1651 4932 1781 4988 Gnissius
1809 4936 1862 5004 pol·

266 5008 277 5049 ¹
288 5009 369 5066 iidem
380 5009 451 5074 vulg.
463 5007 563 5062 sdottnt
572 5005 674 5060 durio.
682 5003 748 5060 Dein
759 5005 872 5072 Questu,
880 5013 1015 5074 antequem
1067 5004 1172 5060 licetur.
1188 5004 1247 5059 Dno
1258 5014 1347 5059 autem
1359 5011 1488 5060 tractatus
1500 5005 1620 5073 ejusdem
1630 5007 1784 5073 argumenti
1797 5009 1862 5061 sult-

229 5080 277 5135 iroe
289 5086 405 5150 referret.
417 5077 651 5135 Corresimnslme
664 5089 724 5130 cum
736 5080 807 5144 vulg.
820 5085 848 5132 et
861 5091 926 5130 tnss.
937 5077 1014 5130 coli·
1064 5076 1194 5147 jieiuntur
1215 5075 1243 5128 in
1271 5089 1321 5128 nis.
1344 5070 1445 5128 Veton.
1474 5074 1508 5130 nti
1531 5073 1673 5143 episcopos
1690 5074 1862 5142 orientales,

227 5154 304 5206 cibus
321 5153 436 5217 Tisnan,
467 5146 567 5203 Veron.
583 5158 610 5203 et
625 5148 697 5213 liat,
719 5150 878 5201 concinente
903 5145 1014 5200 inierint
1066 5161 1178 5216 qnorum
1192 5147 1260 5198 alter
1270 5144 1357 5206 cantito
1371 5145 1492 5211 serpitenli
1503 5154 1601 5198 nostrae
1618 5143 1791 5198 collectionis
1805 5148 1861 5200 cd:-

226 5232 354 5278 eontestu
368 5235 503 5291 antequanm
517 5218 683 5273 densissime
697 5218 810 5285 referret.
824 5217 928 5272 Tlruun.
944 5232 1014 5283 prae·
1067 5215 1254 5278 tttsesnulter
1278 5227 1342 5268 tero
1363 5212 1520 5282 proliiinrtt
1547 5212 1673 5281 Scipione
1703 5214 1861 5271 stannum

230 5301 301 5345 ten-n
320 5303 347 5347 ct
369 5295 466 5345 territt.
479 5291 509 5346 iu
529 5287 641 5356 eptstnla
657 5290 777 5355 sequenti
801 5286 1013 5350 recurrerentur
1066 5288 1161 5339 eonem
1187 5281 1336 5338 Veronensi
1363 5283 1458 5337 codiee
1480 5283 1604 5354 nnlgatds
1628 5283 1728 5339 tomi
1750 5288 1860 5342 Cuncti,

228 5361 309 5416 iidem
321 5364 392 5430 sing.
411 5361 575 5426 prolicietur,
606 5365 685 5411 mate.
710 5358 805 5412 Melius
821 5356 1013 5412 verumetiam
1065 5353 1134 5411 Ven.
1150 5352 1284 5408 edit.an
1302 5352 1352 5409 itti
1365 5362 1392 5405 ct
1407 5368 1484 5420 =eqq.

229 5432 256 5485 in
268 5432 380 5501 eptstoia
396 5431 528 5500 respuenti,
543 5431 623 5496 pro'u
635 5439 728 5481 uritur.
1104 5421 1112 5461 ¹
1127 5423 1228 5491 Quesn.
1241 5421 1529 5492 inseritetinpidrlium,·
1540 5422 1685 5478 delevimus
1694 5435 1759 5477 cum
1772 5423 1860 5480 omni·
1954 5485 1955 5494 ,

264 5511 277 5549 t
293 5511 329 5554 tta
342 5505 425 5555 nostri
441 5501 520 5555 codd.
535 5510 562 5552 et
575 5500 645 5566 iulg.
659 5496 831 5563 Quesnelius,
844 5506 867 5548 et
876 5510 934 5548 rum
941 5493 1010 5549 sede.
1066 5492 1116 5549 bus
1125 5494 1224 5548 nostris
1234 5493 1311 5550 codd.
1320 5502 1349 5546 et
1360 5496 1430 5560 tttlg.
1440 5493 1544 5548 carneri.
1554 5503 1633 5562 :itque
1645 5503 1723 5547 etam
1739 5494 1860 5550 liertini.

263 5567 467 5635 senescatis
484 5566 708 5636 interpunctione,
730 5566 827 5633 etquis
844 5564 914 5619 illitts
934 5563 1014 5619 scol·
1102 5559 1307 5627 ”Coddvem
1329 5557 1522 5618 Vindetiut.
1555 5563 1602 5622 is..
1625 5564 1770 5632 proesentis.
1795 5563 1860 5619 Cor·

228 5638 464 5695 mitescentium.
480 5638 570 5695 Secutt
580 5650 671 5692 sumus
681 5646 788 5693 nostrus
801 5634 891 5704 codd,
906 5635 951 5706 qui
962 5632 1015 5691 etsi
1066 5632 1257 5694 resimsucum
1270 5635 1343 5704 tulg.
1358 5631 1443 5690 Cone.
1461 5602 1539 5705 eliud
1564 5632 1664 5701 Quem
1683 5635 1838 5704 metentis.
