4000 6175
132 276 180 340 19
612 279 657 335 ab
676 277 791 336 orsiti
809 279 840 334 S.
858 276 979 333 teonis
998 275 1103 334 bactu
1121 276 1303 344 stemus.
1729 286 1765 344 20

148 391 276 457 sciamus,
289 391 381 447 Graeca
397 393 528 460 collectio,
544 393 571 446 in
594 409 644 463 qus
660 393 687 448 iti
704 393 830 462 Epheeini
843 405 932 446 cano-
945 392 971 453 A
984 391 1162 473 Dionysiauos
1186 392 1287 447 unitate
1301 392 1455 461 evocdnut),
1473 407 1622 449 communis
1638 409 1765 462 praesum

148 461 195 518 ne's
214 476 275 516 cum
294 465 399 518 ceteris
417 474 635 530 recenserentur,
653 476 709 519 erat
731 466 757 514 in
780 475 813 517 eo
825 461 930 525 codice,
983 461 1040 529 ptio
1050 461 1158 516 invaluit
1173 461 1294 517 Graecum
1309 462 1427 517 codicem
1443 477 1573 518 66666666
1586 463 1767 535 ineasynodn

148 545 200 598 qno
215 547 248 599 po
264 539 274 587 t
292 533 409 588 meiliotn
427 543 532 589 nestum
555 537 679 587 saeculum
694 534 810 588 loannes
823 530 933 587 Schola·
983 530 1131 585 adhibitum
1145 531 1258 587 similem
1273 531 1354 587 inisse
1368 532 1451 587 codici
1465 531 1585 601 ejusdem
1599 533 1726 605 Dionysii.
1739 537 1766 592 in

148 600 230 654 stit-us
241 615 303 656 usus
318 612 373 667 est,
390 614 416 656 et
434 603 530 658 exinde
550 603 587 656 iili
603 605 628 657 in
653 604 813 670 posteriores
826 600 933 656 Graecas
983 613 1037 668 quo
1050 600 1100 656 sub
1113 601 1241 666 numeris,
1255 616 1302 656 sen
1321 602 1414 667 titulis,
1432 602 1483 656 165
1500 602 1706 659 continebantur
1722 621 1768 661 co·

148 671 318 728 collectores
337 673 508 727 transierunt.
531 672 601 726 idem
622 673 747 726 lusteiius
764 671 792 724 in
817 669 886 725 notis
900 669 933 724 ad
983 668 1116 725 6666626
1134 669 1454 740 6166611116666661.
1476 673 1507 726 ii
1528 671 1766 741 Neocrsarienses,

150 742 197 793 tros
212 756 339 804 cationes,
351 757 411 810 pag.
425 744 470 805 91.
492 744 651 812 posteriores
665 743 752 796 iontes
766 740 886 794 indicans
899 753 932 795 er
983 738 1153 807 Gangrenses
1166 740 1211 805 16,
1227 741 1386 795 Antiocheni
1400 741 1445 805 15,
1454 740 1600 804 ,Laodiceni
1614 742 1647 797 to
1657 755 1682 797 et
1697 741 1768 797 Colit-

148 810 244 876 qnibus
256 812 363 866 eosdem
385 813 487 872 itnrtsit.
503 813 538 865 nit
554 827 561 862 a
583 810 615 864 iii
629 822 684 864 octo
698 813 799 864 concilii
812 809 934 877 Epltesini
983 811 1211 878 stantiuopeiitani
1223 812 1250 865 ὅ.
1262 810 1448 879 liancquoque
1462 808 1543 865 inisse
1553 821 1646 880 pntaot
1657 813 1768 880 primam

149 896 257 934 6666666
278 882 424 935 caeteruin
446 882 530 935 codiee
553 880 630 944 Trlii,
646 891 669 934 et
682 885 709 935 in
724 880 852 934 codrides
871 894 933 932 666.
984 877 1104 933 Graecam
1119 894 1250 934 canonum
1262 882 1458 944 collectionem.
1474 896 1534 949 quae
1544 892 1604 949 post
1618 881 1770 946 Cortstanti·

150 948 310 1014 balsamonis
329 960 351 1002 rt
364 950 486 1010 zosime,
500 959 523 1004 et
545 953 572 1004 ιη
585 950 655 1005 Artis
675 951 775 1005 66661111
792 949 933 1015 Epirerini,
985 951 1168 1016 nopoiitanum
1186 951 1328 1005 concilium
1347 950 1397 1004 boc
1410 949 1505 1004 ordine
1519 961 1546 1005 et
1561 966 1671 1006 numero
1685 966 1768 1006 catto·¹

149 1030 210 1073 toni,
227 1019 236 1073 Ι
252 1018 453 1074 6666116666.
472 1019 934 1082 1166666611.6ιι.1668;66.666111-
985 1033 1048 1073 num
1061 1027 1198 1080 compacta
1218 1019 1305 1075 inerit.
1322 1020 1348 1073 id
1368 1034 1432 1075 vero
1445 1019 1522 1074 uobis
1541 1035 1594 1074 uon
1611 1022 1645 1074 ita
1664 1021 1767 1076 videtur

149 1097 186 1140 cet
200 1091 312 1157 priores,
326 1106 386 1159 paq.
403 1092 471 1150 iiiii:
486 1085 536 1143 ilno
553 1107 611 1143 oero
625 1092 793 1157 posteriores,
809 1105 867 1158 pop.
883 1089 935 1144 titt
984 1098 1099 1152 certum,
1113 1099 1141 1142 ut
1151 1090 1271 1156 plerique
1280 1089 1443 1147 existimant.
1456 1087 1490 1144 Dt
1499 1098 1589 1144 autem
1601 1090 1652 1143 itae
1661 1091 1688 1144 iu
1700 1091 1769 1146 reati

149 1167 172 1208 et
187 1157 248 1211 tsi.
264 1157 418 1214 canonibus
440 1160 721 1224 chalcedonensibus,
737 1159 782 1227 qui
804 1161 830 1213 in
851 1157 935 1212 veteri
984 1159 1197 1228 vetustissimum
1212 1170 1314 1228 tempus
1331 1160 1480 1228 pertinente
1497 1159 1587 1214 iumen
1606 1159 1713 1228 aliquod
1731 1159 1773 1214 ei·

149 1228 243 1281 Graeco
262 1228 372 1294 codice,
394 1238 421 1283 et
443 1230 469 1283 in
484 1251 491 1281 t
497 1229 603 1298 jusdem
619 1230 734 1299 antiquis
756 1227 934 1292 versionibus,
986 1227 1094 1297 irrigent,
1106 1228 1289 1284 deicientibus
1301 1227 1402 1284 Graecis
1413 1227 1492 1297 hujus
1502 1230 1550 1282 eri
1562 1230 1770 1297 exemplaribus,
1840 1261 1844 1269 ·

150 1311 181 1351 ae
193 1297 273 1352 etiam
285 1299 310 1351 in
323 1298 484 1368 Dionysiana
495 1309 557 1352 sunt
567 1310 667 1369 tantini
676 1300 721 1365 tt,
732 1298 859 1353 iusteiius
869 1297 936 1353 duos
986 1297 1020 1352 ad
1031 1308 1134 1353 veteres
1145 1299 1375 1366 interpretationes
1392 1297 1499 1352 Latinas
1515 1299 1661 1353 anteriores
1675 1299 1772 1371 Diony-

149 1367 216 1422 aiios
225 1367 338 1432 addidit,
352 1383 419 1439 qnos
431 1370 480 1424 soli
498 1373 660 1437 posteriores
674 1369 760 1426 Greci
774 1368 880 1423 codices
895 1383 937 1421 re·
986 1367 1028 1421 sio
1041 1382 1101 1437 quae
1115 1383 1146 1421 er
1162 1369 1353 1436 antiquissimis
1368 1368 1469 1422 Graccis
1483 1382 1613 1421 canonum
1634 1367 1772 1424 codicibus

150 1452 257 1502 cepere.
278 1438 411 1492 Laudatus
426 1438 542 1493 loaitnes
563 1438 760 1504 Seimlasticus,
775 1439 824 1491 etsi
839 1437 937 1491 saeculo
986 1436 1116 1492 traducte
1129 1438 1233 1492 inerunt
1248 1437 1516 1508 coniuqieudntnest,
1530 1452 1643 1492 necnon
1658 1437 1690 1491 ad
1704 1439 1771 1493 alias

150 1516 230 1561 sexto
242 1507 316 1566 risit.
328 1507 400 1561 solos
414 1509 449 1561 at
459 1524 576 1563 canones
588 1508 681 1564 rciert.
695 1509 759 1576 Qvtis
774 1510 854 1578 igitur
868 1510 938 1560 1666
987 1517 1153 1576 pervetustus
1167 1508 1338 1563 collectiones
1350 1507 1466 1572 Latitiae,
1489 1522 1548 1573 quae
1565 1521 1598 1562 er
1612 1505 1772 1573 interprea-

151 1577 256 1631 iostclii
271 1576 400 1638 6661666.
417 1580 461 1647 qui
475 1579 526 1632 aiia
541 1579 640 1646 antiqui
653 1578 702 1650 [vt]
715 1578 816 1634 codicis
829 1586 937 1645 prater·
987 1577 1105 1631 tionibus
1117 1577 1277 1648 Dionysiana
1292 1577 1470 1632 anterioribus
1488 1574 1639 1633 Graecarum
1657 1577 1772 1649 syuodo·

152 1646 183 1710 it,
203 1646 253 1700 aiis
268 1646 350 1712 addit,
375 1662 424 1715 pro
444 1649 527 1703 veteri
551 1663 679 1721 perinane
693 1649 785 1705 codice
806 1651 936 1710 canonum
989 1662 1046 1701 rum
1059 1661 1175 1702 canones
1185 1648 1348 1703 derivarunt.

152 1716 250 1772 babere
262 1717 370 1783 potest?
919 1721 925 1728 '
1024 1715 1050 1772 1,
1073 1718 1140 1770 litias
1153 1726 1242 1772 antem
1254 1717 1347 1773 horum
1360 1732 1489 1774 canonum
1498 1717 1633 1775 versiones
1644 1718 1773 1776 babemus

187 1787 234 1842 li.
253 1788 335 1841 iiuito
354 1795 441 1843 autern
462 1787 549 1842 minus
571 1789 755 1845 inscribendus
772 1797 828 1843 erat
852 1789 937 1842 Codes
988 1786 1152 1857 antiquiores
1171 1788 1314 1860 Dionysio:
1332 1790 1460 1852 Priscam,
1473 1804 1551 1857 quant
1568 1790 1695 1845 iustclius
1711 1790 1772 1843 rui·

152 1856 275 1911 66ιί666Ι
285 1856 417 1926 Eoeierite,
426 1872 457 1912 ac
467 1861 488 1913 si
499 1868 562 1914 aute
571 1861 710 1915 concilium
720 1858 937 1914 chalcedonense
1007 1859 1069 1922 avit,
1084 1872 1134 1912 nos
1147 1866 1235 1912 nutem
1255 1859 1425 1928 integriorem
1444 1868 1471 1913 ct
1490 1860 1696 1915 emendatiorem
1722 1860 1774 1914 boc

152 1939 205 1979 uon
221 1935 275 1980 tam
289 1928 359 1994 apud
377 1928 538 1984 orientalem
553 1945 632 2000 quani
652 1929 720 1996 apud
738 1928 936 1984 occidentalem
987 1873 1048 2001 fun]
1063 1938 1136 1981 tomo
1146 1927 1317 1989 recidemus:
1333 1936 1361 1983 ct
1374 1943 1431 1983 earn
1445 1943 1514 1996 quae,
1528 1928 1563 1984 ait
1579 1929 1679 1985 isidoro
1700 1943 1773 1985 rere-

154 1995 301 2051 Deelesiam
323 1999 506 2053 auctoritatem
522 1999 689 2054 obtinuisset.
706 1999 798 2053 Nullos
812 1998 878 2052 aiios
893 2014 938 2053 ca·
952 2033 967 2075 t
988 2007 1034 2069 pta
1046 2012 1078 2052 er
1092 1998 1247 2052 coliertionc
1258 1997 1411 2065 ilispanica,
1429 1997 1572 2053 isidoriana
1588 1999 1674 2054 rocari
1694 2000 1773 2062 solet,

154 2081 237 2119 nones
252 2067 370 2122 Romana
385 2080 410 2123 et
422 2067 601 2123 Occidentalis
615 2071 730 2124 Deciesin
746 2083 793 2135 per
804 2068 860 2123 baec
872 2083 938 2121 tern-
988 2083 1042 2121 non
1057 2067 1127 2136 qnod
1144 2066 1272 2122 isidorum
1288 2068 1383 2124 babeat
1397 2080 1542 2135 auctorem,
1561 2068 1608 2123 sed
1629 2069 1688 2137 quia
1712 2083 1773 2124 cum

155 2149 217 2202 pora
234 2148 381 2205 receperat,
397 2139 447 2192 nisi
465 2139 587 2193 Nicaettos
599 2150 626 2196 ct
643 2140 812 2194 Nicaenorum
831 2136 939 2194 nominc
989 2137 1084 2192 isidori
1108 2136 1265 2192 collectione
1283 2141 1395 2205 primum
1410 2136 1481 2192 edita
1503 2137 1560 2194 init.
1580 2137 1774 2193 Perseverate

152 2205 336 2274 sardicenses,
354 2218 384 2263 ut
398 2209 569 2276 pertinebimus
586 2220 654 2275 part.
676 2226 705 2272 n,
722 2224 746 2261 c.
763 2207 937 2275 bononiam
989 2208 1028 2262 uti
1040 2221 1053 2259 a
1064 2205 1178 2260 iusteilo
1192 2216 1233 2261 est
1245 2209 1314 2278 typis
1323 2209 1463 2275 impressa,
1485 2206 1554 2262 bunc
1573 2206 1693 2262 ordinem
1708 2223 1774 2275 pre·

154 2276 336 2332 antiochenos
362 2291 478 2333 canones
502 2279 686 2348 reprobaverit
716 2277 885 2333 innocentius
916 2277 937 2343 i,
989 2274 1307 2332 ieri-Canonesesbibet
1321 2280 1476 2348 ancyranos
1490 2276 1775 2342 tertonensibus

154 2344 232 2409 epist.
246 2348 273 2409 7,
294 2346 326 2408 ad
346 2348 447 2404 clerum
462 2347 795 2416 Constantinopolitouum,
810 2358 938 2414 qnantum
989 2348 1035 2410 it,
1048 2345 1226 2411 1116666691,
1237 2347 1333 2416 quibus
1345 2362 1377 2402 ex
1390 2348 1488 2402 nostris
1499 2346 1634 2402 codicibus
1648 2346 1775 2403 aduentus

155 2419 219 2469 item
233 2415 940 2483 uitiistaotinopotnantscanonibusGreeocodtoiin·
991 2414 1099 2470 totidem
1123 2414 1297 2471 sardicenses
1317 2416 1386 2485 apud
1405 2416 1545 2471 iusteilnm
1562 2416 1680 2482 mutilos,
1704 2417 1775 2472 Gan·

155 2485 233 2537 sertis
249 2485 301 2537 beo
323 2486 432 2554 Magnus
449 2487 586 2552 restiterit,
604 2501 673 2556 qnos
685 2502 734 2542 suo
750 2501 856 2555 quoque
881 2499 940 2540 aevo
989 2499 1100 2553 grenses
1115 2485 1159 2548 au,
1177 2486 1356 2540 Antiochenos
1371 2486 1418 2554 11,
1440 2485 1669 2542 chalcedonenses
1682 2487 1727 2552 ii,
1748 2496 1776 2543 et

155 2567 208 2605 non
223 2563 344 2621 receptos
357 2564 469 2611 testatur
482 2557 510 2613 S.
522 2557 676 2627 Gregorius,
691 2557 738 2610 bb.
750 2571 795 2620 vn,
807 2555 938 2622 spissos,
990 2563 1104 2623 quatuor
1120 2554 1441 2624 constantinopolitanos,
1460 2555 1564 2624 adjecto
1588 2558 1646 2611 sine
1663 2570 1776 2612 nutriero

155 2622 188 2675 ad
208 2622 360 2694 Eulogium,
383 2628 508 2681 omuibus
528 2638 619 2681 notum
636 2635 687 2681 est.
704 2624 843 2695 Quomodo
861 2626 940 2696 igitur
989 2623 1044 2677 aiio
1057 2638 1158 2678 canone
1173 2624 1383 2680 chalcedonensi
1397 2625 1430 2680 de
1442 2628 1555 2693 primatu
1568 2625 1692 2681 Ecclesiae
1703 2627 1775 2679 (in.-

155 2692 286 2754 vuintrree.
301 2709 333 2748 ac
345 2695 455 2762 proinde
473 2697 552 2750 ctiam
573 2696 752 2751 Occidentalis
773 2705 801 2751 et
814 2694 940 2750 Romane
990 2694 1245 2762 stantinopolitane.
1263 2695 1307 2763 qui
1321 2695 1463 2750 coniciunt
1479 2710 1594 2751 canones
1607 2697 1667 2760 165,
1680 2711 1726 2750 sen
1741 2697 1775 2763 (si

155 2762 282 2818 Ecc'esiae
297 2764 383 2819 codes
397 2766 522 2820 aidemari
543 2776 646 2835 poterit
660 2768 706 2822 ilie
724 2766 862 2822 aiusteilo
882 2766 940 2819 rol·
990 2772 1158 2833 computetur
1170 2765 1249 2819 etiam
1260 2778 1344 2820 canon
1355 2764 1577 2820 Chalcedonensis
1591 2765 1777 2822 Constantium

153 2840 241 2898 patus,
254 2835 427 2903 qnieanones
440 2846 502 2891 tnnc
519 2836 671 2903 repudiat-ts
689 2838 820 2895 continet.
834 2843 861 2888 et
876 2835 940 2890 Sar-
988 2835 1115 2903 politanis
1129 2829 1274 2906 subjectis)
1299 2849 1415 2889 canones
1436 2833 1496 2889 166.
1517 2834 1662 2890 isidoriana
1688 2847 1776 2890 autem

154 2902 306 2957 diceitsibns
319 2905 354 2958 ab
364 2920 394 2958 ea
410 2907 576 2973 potissimum
586 2908 718 2976 susceptis
729 2905 820 2962 earet?
830 2903 939 2960 Frustra
992 2904 1081 2959 versio
1093 2918 1186 2959 omues
1193 2919 1321 2970 canones,
1333 2905 1411 2960 etiam
1422 2904 1653 2960 chalcedonenses
1663 2903 1707 2969 ii,
1715 2920 1777 2973 pro·

155 2986 221 3027 vero
244 2974 373 3030 tortellus
389 2989 449 3031 sese
461 2976 559 3031 Leonis
577 2977 661 3044 ipsios
678 2977 835 3031 anctoritate
853 2973 940 3029 luiciri
990 2973 1052 3038 iert,
1067 2976 1112 3040 qui
1131 2975 1201 3042 apud
1224 2975 1379 3046 Dionysium
1399 2976 1530 3045 leguntur.
1549 2974 1671 3044 Antiquae
1693 2975 1776 3028 celie-

155 3042 254 3111 studet,
266 3059 327 3099 oum
347 3059 406 3114 prq.
421 3046 454 3102 16
468 3045 566 3101 indicat
583 3045 643 3115 eins
659 3048 740 3103 verba
760 3060 793 3101 ex
807 3047 886 3114 epist.
904 3043 940 3100 tt
991 3045 1093 3099 ctioncs
1107 3043 1219 3110 natine,
1238 3059 1305 3114 quas
1321 3045 1447 3112 deinceps
1464 3043 1617 3115 singiliatim
1641 3046 1778 3101 describo

155 3113 721 3185 66661166666666616666666666
739 3116 772 3171 ad
795 3096 976 3184 imperato-C
992 3129 1061 3178 mus,
1084 3129 1137 3169 non
1152 3130 1185 3169 ex
1200 3129 1252 3169 nna
1274 3125 1373 3170 tanturn
1395 3116 1518 3171 versione
1536 3114 1644 3170 Graecos
1661 3129 1777 3170 canones

155 3195 213 3237 rent
228 3183 420 3249 Theodosium,
435 3187 531 3254 qnibos
546 3189 621 3255 petiit
635 3194 663 3242 6ι
675 3189 699 3241 is
711 3187 819 3259 iuberet
829 3200 941 3254 gottera-
991 3195 1161 3254 receperunt,
1176 3184 1224 3238 sed
1250 3185 1316 3238 alios
1330 3199 1363 3239 er
1374 3184 1529 3248 lsidoriana,
1544 3186 1612 3238 aiios
1629 3199 1660 3238 er
1676 3186 1775 3240 Prisca.

156 3251 209 3308 lem
227 3253 357 3324 synodum
379 3257 610 3325 celebrarl.qnatn
623 3268 682 3323 post
706 3256 940 3326 appellationeme
1027 3255 1054 3308 5.
1075 3253 1335 3323 iiispraemissisduo
1345 3255 1511 3324 potissimum
1522 3253 1681 3309 inversione
1691 3260 1777 3324 prisca

156 3319 284 3378 Flaviano
298 3324 367 3381 iuter
403 3326 939 3395 sitainneeessaeiopostolartcononem,
992 3322 1250 3379 anintadtersionem
1265 3334 1412 3379 merentur.
1428 3323 1520 3379 Primo
1536 3324 1562 3379 iu
1578 3339 1608 3378 66
1624 3323 1721 3380 desunt
1733 3340 1777 3379 ca·

157 3392 359 3461 inquisitione
384 3395 509 3449 obitorum
516 3396 615 3449 666666
624 3404 747 3450 testantur
750 3433 804 3450 .....
815 3409 870 3463 qne
882 3394 942 3448 aui·
992 3407 1075 3447 nones
1089 3392 1241 3447 Laodiceni.
1256 3393 1346 3464 licque
1357 3394 1382 3449 id
1397 3393 1522 3462 peculiari
1535 3392 1649 3449 delectui
1662 3394 1720 3450 e’us
1732 3409 1778 3450 co·

156 3469 307 3520 16666666
321 3473 403 3520 runt:
419 3463 558 3519 uhiettiter
576 3480 735 3521 annosorum
756 3480 815 3518 uoce
832 3463 942 3533 inteliiqi
992 3461 1059 3516 dicis
1069 3476 1148 3531 quem
1160 3463 1289 3518 tustelius
1304 3464 1408 3519 invenit
1428 3462 1593 3519 tribuendum
1607 3472 1658 3519 est.
1676 3411 1778 3538 Destitit
1811 3478 1815 3485 ⁴

157 3541 261 3599 porest,
281 3533 319 3588 ait
336 3532 473 3599 duneline,
489 3551 596 3589 renones
616 3536 780 3591 concitionem
796 3534 840 3602 noi
858 3549 873 3586 6
891 3532 942 3587 itt·
992 3531 1064 3586 euim
1082 3536 1182 3602 pariter
1194 3533 1221 3586 in
1239 3532 1341 3587 duabus
1360 3532 1547 3589 vetustissimis
1563 3533 1776 3600 collectionibus,

155 3614 227 3661 certo
237 3603 582 3675 eddonvtnntinopoiitnuum
592 3621 752 3659 6666666661
758 3608 821 3659 serie
828 3603 855 3657 in
863 3619 941 3658 nntius
993 3616 1053 3671 qnae
1064 3616 1098 3657 ex
1112 3603 1171 3656 aliis
1181 3601 1372 3672 antiquissimis
1385 3603 1572 3673 manuscriptis
1587 3604 1680 3671 priscae
1694 3605 1778 3658 inter·

156 3670 265 3737 66116611,
278 3673 304 3727 in
319 3676 394 3728 vetui
406 3671 806 3739 codiceronouinoreponuntur.
819 3672 939 3740 Fallitur,
994 3673 1149 3740 prelationis
1161 3673 1259 3741 aliquot
1278 3673 1344 3727 aiios
1363 3672 1515 3729 Graecorum
1541 3672 1714 3728 conciliorum
1733 3687 1778 3728 ca·

156 3740 259 3797 etadeo
270 3742 407 3801 evidenter
417 3744 528 3809 fallitur,
544 3754 572 3800 ut
588 3746 643 3801 Leo
656 3745 697 3800 his
711 3745 800 3802 verbis
811 3744 883 3799 solos
897 3759 941 3799 ca·
993 3756 1078 3797 nones
1093 3750 1278 3811 susceperunt.
1293 3742 1418 3798 nimirum
1436 3744 1461 3796 in
1477 3742 1633 3797 collectione
1648 3742 1708 3798 iat.
1725 3741 1778 3798 iic·

158 3825 242 3866 nunes
255 3811 428 3867 sardicenses
441 3816 568 3882 respiciat
581 3816 626 3884 qui
639 3814 665 3869 in
676 3816 834 3870 Justelliano
848 3815 942 3869 codice
1011 3810 1154 3877 1661697,
1170 3820 1198 3867 et
1211 3814 1238 3866 in
1250 3813 1300 3867 alia
1314 3827 1373 3878 quae
1389 3811 1530 3867 exhibetur
1544 3812 1570 3864 in
1584 3811 1687 3867 duobos
1711 3828 1775 3868 mss.
1844 3810 1848 3818 “

157 3880 361 3946 desiderantnr;
373 3881 444 3937 unde
453 3883 622 3938 Sardiceusis
631 3898 728 3948 66666,
739 3885 773 3939 66
787 3883 942 3952 appellatio.
992 3825 1101 3935 [neapo
1116 3882 1151 3935 88
1169 3891 1196 3935 et
1208 3881 1362 3937 Cuibertino
1375 3880 1438 3936 tet.
1452 3883 1551 3937 luctor
1567 3880 1633 3936 alius
1650 3884 1778 3938 vetustis·

159 3949 236 4002 nibus
260 3951 417 4013 decernens,
433 3951 496 4006 boio
512 3953 620 4022 quidem
641 3954 762 4020 epistole
781 3953 807 4006 in
836 3952 942 4021 vulgato
993 3949 1070 4003 simae
1092 3949 1258 4005 collectionis
1281 3960 1413 4006 contentae
1433 3951 1460 4006 in
1476 3950 1611 4006 codicibus
1633 3951 1776 4007 Darberino

158 4020 251 4073 tirmeo
265 4019 530 4083 subinnuitiones
544 4035 605 4092 qnae
626 4023 651 4075 in
673 4024 740 4078 banc
757 4036 813 4078 rem
828 4022 942 4076 diximus
992 4018 1064 4074 etse
1079 4026 1106 4074 et
1120 4018 1247 4075 Vaticano
1259 4018 1338 4084 ista,
1352 4021 1395 4090 qui
1411 4021 1544 4076 ereadem
1559 4020 1645 4089 prisea
1655 4022 1777 4078 versione

160 4086 187 4141 itt
197 4087 379 4144 admonitione
394 4091 530 4158 praemissa
546 4090 719 4161 epistolariis,
734 4108 761 4146 n.
779 4094 835 4148 liet
849 4103 940 4148 annot.
993 4086 1117 4158 proiecit,
1131 4104 1191 4144 eunt
1207 4092 1233 4145 iu
1246 4104 1277 4145 ea
1292 4102 1345 4143 uon
1360 4091 1505 4158 reperisset
1518 4104 1634 4146 canones
1648 4089 1776 4145 Laodice·

159 4157 205 4221 tt,
227 4155 283 4210 Coi.
310 4159 372 4223 851,
396 4171 449 4213 not.
478 4170 501 4226 ι,
530 4161 556 4215 16
581 4160 660 4230 epist.
687 4161 733 4218 11.
755 4164 786 4217 Ρ.
813 4162 944 4217 Constan-
993 4172 1056 4223 nos,
1071 4158 1144 4226 ipsos
1162 4174 1196 4211 ex
1219 4158 1366 4214 isidoriana
1385 4164 1508 4229 sumpsit.
1528 4159 1591 4214 1166
1610 4158 1776 4215 manifestum

158 4229 222 4291 tros,
237 4228 282 4309 qui
295 4226 443 4284 tristetttant
456 4230 556 4285 codicis
573 4232 772 4301 inscriptionem
789 4232 888 4301 pariter
901 4247 944 4288 re·
993 4227 1071 4282 nobis
1081 4226 1200 4283 eliciunt
1214 4227 1263 4282 nos
1277 4243 1392 4283 canones
1410 4229 1444 4282 ab
1466 4230 1568 4299 aritine
1581 4229 1775 4294 defuissenon

158 4295 227 4366 jicit,
243 4312 269 4351 m
283 4296 436 4365 praeiatione
451 4306 516 4354 tom.
538 4299 647 4370 isspist.
664 4302 843 4356 Romanorum
856 4304 943 4371 ponti-
994 4296 1082 4351 atinus
1096 4298 1123 4351 in
1135 4297 1221 4366 prisca
1236 4299 1358 4353 tersione
1380 4312 1459 4366 qnam
1480 4299 1507 4352 itt
1529 4299 1622 4355 codice
1636 4298 1729 4355 Graeco
1744 4316 1776 4354 ex

160 4366 251 4429 ticum,
273 4381 347 4423 num.
362 4369 407 4433 58,
422 4370 535 4424 scribit:
555 4369 663 4425 Videtur
678 4388 738 4439 opo
756 4375 846 4427 evetius
867 4386 945 4426 6666.
995 4380 1049 4434 quo
1060 4367 1139 4435 buius
1149 4367 1280 4422 versionis
1292 4375 1384 4423 auctor
1393 4367 1546 4424 Gramion
1562 4382 1692 4424 canonum
1705 4369 1777 4424 Lati·
1831 4397 1834 4405 ·

159 4436 290 4505 sotiosque
304 4438 407 4495 interibi
421 4438 654 4507 posteiuneiliune
666 4440 797 4496 collectio:
812 4440 945 4496 canonum
957 4412 985 4475 D
996 4450 1058 4491 uam
1083 4436 1327 4506 interpretationem
1349 4437 1513 4504 lucubravit;
1527 4439 1594 4493 alias
1614 4438 1778 4494 Laodicenos

160 4504 249 4568 rodes,
264 4507 345 4570 nonis
358 4509 386 4565 t'n
400 4505 515 4565 Ecclesia
529 4507 620 4565 Groeco
639 4512 722 4566 medio
736 4512 828 4566 suenio
839 4527 864 4565 vt
879 4512 954 4577 obli..
995 4519 1073 4576 aeque
1087 4520 1118 4560 ac
1131 4515 1242 4562 caeteros
1255 4506 1397 4562 Latinitate
1412 4507 1546 4563 donasset.
1558 4507 1701 4563 Laodiceni
1714 4522 1778 4578 erqo

161 4574 684 4637 victor.nimiumaureisaitoeoneessn.
695 4581 946 4638 etenimextoaone
996 4574 1565 4633 6666666666666666616666666
1583 4581 1619 4631 ab
1642 4578 1716 4633 initio
1740 4581 1778 4631 io·

160 4641 395 4719 schoenumque
411 4648 498 4704 medio
512 4648 620 4718 quidem
639 4660 716 4707 sexto
735 4652 833 4706 qaecutn
843 4651 943 4720 floruit,
996 4646 1073 4713 serti,
1093 4644 1140 4701 sed
1156 4646 1288 4714 posterius
1299 4645 1379 4700 additi
1394 4644 1510 4702 inerunt.
1527 4646 1650 4702 5666666
1663 4662 1779 4702 canones

161 4710 334 4770 Sardicenses
353 4731 470 4773 canones
485 4720 639 4775 continebat
658 4722 766 4777 Graecus
785 4721 879 4788 codor,
896 4737 947 4777 nec
996 4714 1322 4784 constantinopolitanis·
1345 4715 1439 4770 eadem
1463 4720 1548 4783 prisca
1569 4719 1693 4772 versione
1718 4728 1779 4786 post

162 4795 215 4837 iton
230 4788 535 4856 canonesapostoiorum
550 4789 787 4858 quiaiosteliinno
801 4791 946 4847 crouduu·
996 4783 1225 4841 Chalcedbneossbi
1244 4793 1426 4851 recensemur,
1446 4786 1593 4852 0011616166
1616 4786 1711 4842 (ildino
1732 4788 1779 4842 de·

162 4859 219 4918 tur;
234 4862 261 4908 et
273 4867 289 4909 e
302 4868 393 4910 contra
406 4856 522 4913 nondum
535 4859 560 4912 in
575 4874 635 4914 eum
653 4861 719 4916 iliati
732 4874 806 4916 crant
818 4861 946 4929 septimus
997 4856 1151 4912 scribuntur
1160 4856 1187 4908 in
1198 4853 1281 4910 tribus
1295 4855 1355 4911 aitis
1364 4854 1476 4908 diversis
1487 4863 1515 4908 ct
1525 4855 1715 4924 antiquissimis
1724 4856 1780 4911 coi·

162 4937 247 4976 ennon
261 4925 582 4999 constantinopolitanus,
596 4937 624 4982 et
637 4929 692 4984 666
703 4930 788 4986 ultimi
802 4929 947 4987 66616666
998 4924 1156 4980 lectionibus
1170 4925 1358 4994 manuscriptis
1368 4924 1447 4993 paulo
1460 4932 1522 4978 ante
1537 4930 1700 4993 memoratis,
1718 4925 1777 4979 liet.

162 5005 270 5059 nenses,
284 4994 329 5065 qui
342 4994 411 5065 apud
426 4995 566 5059 iustoilum
578 4999 711 5069 loquutur.
998 4995 1107 5065 Reginae
1123 4992 1208 5060 1991;
1226 4992 1496 5050 bucano-Coibertina
1507 5003 1534 5048 et
1544 4993 1603 5049 iat.
1624 4995 1777 5072 barberina,

953 5102 956 5107 .
999 5079 1057 5133 qino
1068 5063 1163 5118 borum
1176 5064 1349 5120 concitiorum
1363 5077 1478 5119 eunome
1496 5078 1530 5119 er
1552 5066 1638 5133 prisca
1656 5077 1779 5117 versione

474 5127 587 5186 CAPUT
607 5129 638 5184 ii.
999 5148 1137 5198 recepere.
1151 5133 1207 5187 iioc
1218 5146 1282 5199 erqo
1294 5134 1404 5189 inverso
1416 5133 1509 5188 ordine
1524 5147 1640 5188 canones
1649 5130 1779 5187 Constan-

165 5215 289 5285 dntiqtrtu
303 5234 429 5275 rennuunt
446 5222 526 5276 codes
546 5222 617 5289 apud
629 5220 731 5277 Graecos
747 5224 851 5295 quiriani
874 5226 947 5280 initio
999 5202 1168 5285 ffin⁰⁹⁰¹i¹³⁰i
1185 5201 1448 5287 cmcedffleffiihiss
1466 5203 1676 5284 ⁸⁰bj³⁰¹⁶bf¹¹²iff
1698 5201 1777 5256 ΜΨ

307 5287 430 5354 Μ’
444 5291 687 5360 Μ’ΜΜ
701 5296 830 5348 Μ
1000 5271 1780 5399 1161116111161111161161611111.ξὲξὲ

201 5398 232 5480 ¹¹.
246 5392 312 5480 Cum
339 5402 443 5481 nuntesi
465 5414 579 5472 quatuor
603 5404 777 5462 Aritioebeois
802 5409 948 5466 rationibus
1001 5412 1038 5465 uti
1056 5380 1180 5479 leguntur
1201 5412 1226 5465 iu
1247 5357 1343 5478 priscx,
1366 5361 1427 5494 pos:
1446 5359 1661 5469 (gihaiecdonense
1684 5382 1779 5478 adjecti

165 5479 273 5551 ascripti
287 5484 312 5521 tn
323 5468 416 5549 codice
428 5484 569 5543 canonum,
582 5476 626 5545 qui
640 5476 724 5530 iectus
738 5476 786 5531 init
796 5477 820 5532 iu
833 5481 948 5535 concilio
1000 5481 1093 5536 inere:
1110 5480 1189 5550 idque
1202 5481 1269 5535 adeo
1283 5479 1781 5549 66ι66ι6666,ιιι1616ι·6666666666-

164 5536 618 5620 (1616666666,1666666666
639 5561 700 5601 uum
719 5549 835 5603 numeris
850 5551 876 5603 iu
899 5564 948 5604 suo
1000 5550 1060 5604 dem
1082 5551 1176 5621 synodi
1196 5552 1492 5620 Gotvstantinopoiitanre
1511 5559 1682 5607 accenseatur
1699 5551 1780 5606 etiam

165 5610 259 5660 biraco
271 5608 363 5662 codice
373 5617 507 5692 tttvenbsn
520 5611 647 5692 Dionysio
656 5614 756 5685 Dtigvio
768 5616 829 5686 (sere
839 5620 948 5686 scripsi·
1000 5634 1085 5674 canon
1099 5620 1174 5674 Citab
1182 5622 1324 5677 edunensis
1337 5622 1372 5677 de
1384 5620 1498 5689 primatu
1513 5620 1639 5677 iicclesie
1650 5620 1782 5676 Constan-

166 5687 236 5740 tons,
259 5692 291 5733 eo
313 5677 382 5748 qnod
405 5693 506 5733 nomen
522 5695 550 5735 tn
573 5682 783 5741 Ciinleedonensi
809 5689 950 5745 montorati
1002 5689 1238 5761 neopolitanam
1257 5692 1335 5750 trium
1354 5691 1500 5763 lecatorum
1516 5689 1627 5749 Romani
1647 5688 1779 5773 pontificis
