4000 6175
234 254 283 316 iil

615 274 617 282 '
701 263 746 319 ΑΙ)
764 261 879 318 OPERA
898 265 927 322 S.
948 264 1071 323 LEONIS
1090 264 1196 321 MAGNl
1215 257 1394 321 APPENDlX.

236 374 399 430 habitatione
415 376 511 446 pudiea
528 375 783 442 honorificavimus,
799 386 827 433 et
839 392 900 433 eum
912 395 1026 437 uenerat
1040 386 1066 445 Α
1115 378 1172 432 xi.
1189 374 1412 433 Decoaaueuurutrs
1429 377 1564 447 episcopis.

236 469 308 523 tione
321 467 408 524 lleuda
423 469 600 538 suscipimus,
619 476 648 523 et
669 469 821 526 recedeiea
835 470 928 525 saeculi
943 471 1026 527 rebus

233 577 295 617 eum
312 561 461 616 huruilitate
473 561 645 631 suscip'mus‚
657 569 683 615 ct
697 560 873 616 diutrtaseurn
884 562 987 631 justitia
998 572 1025 619 et

234 651 417 708 misericordia
433 667 486 706 non
507 652 697 719 reprobamus,
716 664 743 707 et
763 653 922 721 paucitatem
937 651 1025 726 [depe

233 754 260 797 et
283 741 432 814 uilitatem]
458 752 487 798 et
511 743 708 799 multitudinem
736 746 954 801 vestimentorum
975 763 1024 815 pro

234 835 240 904 l
259 832 325 911 che
339 832 491 905 diligentia]
506 834 671 904 diligentiam
687 835 808 904 corporis
821 852 875 890 non
889 838 1022 891 cortuum

233 925 386 989 lucidamus
398 925 501 979 solutas
520 935 610 979 autem
633 937 660 980 et
676 927 848 982 ⁸conteritas
863 927 890 981 in
906 930 1023 983 renibus

233 1017 420 1086 processiones
434 1032 487 1070 uon
509 1017 689 1086 suscipimus,
704 1025 732 1072 et
745 1016 854 1072 domum
872 1016 885 1056 l
905 1018 953 1074 liei
975 1035 1024 1073 uu-

231 1108 279 1163 stri
296 1107 506 1163 lrorsoritlcamus
521 1149 528 1172 ,
543 1118 571 1162 et
583 1124 642 1179 que
656 1107 682 1162 iu
702 1124 732 1162 ea
747 1109 815 1163 fiunt
829 1110 965 1166 orationes
979 1127 1024 1165 sa·

231 1213 303 1266 cras,
318 1209 345 1256 et
356 1197 365 1272 [
376 1199 416 1254 Ea
428 1197 513 1254 Grec.
529 1195 626 1269 utiles]
640 1199 773 1255 sanandas
787 1201 950 1269 accipimus,
969 1218 1023 1258 noo

231 1293 423 1347 concludentes
442 1293 566 1361 pietatem
579 1292 703 1346 dontibus
720 1309 727 1345 ε
746 1291 794 1346 sed
811 1307 918 1349 omnem
933 1294 1022 1351 lucum

230 1384 257 1440 iu
275 1385 383 1439 uomiue
401 1382 448 1438 Dei
469 1383 630 1437 edificatum
647 1383 832 1450 luenorauurs,
848 1395 874 1441 et
890 1400 950 1455 quae
968 1397 979 1425 θ
994 1387 1022 1442 iu

230 1490 264 1529 co
287 1474 458 1544 congregatio
472 1473 482 1547 [
495 1472 594 1543 suppa
617 1474 645 1526 tlt
659 1470 668 1542 l
687 1487 860 1529 cuntmuuem
874 1474 1022 1532 Ecclesiam

230 1567 263 1621 sd
283 1567 398 1623 salutem
423 1578 558 1632 nostratui,
575 1574 604 1619 et
621 1566 743 1619 omnium
756 1563 842 1637 [Lupe
862 1566 1022 1639 utilitatem]

230 1659 282 1713 diu
293 1659 412 1737 mitatem
435 1658 618 1726 suscipimus,
635 1665 662 1712 ct
674 1654 803 1726 plurimas
822 1659 1021 1717 misericordias

1115 470 1183 525 ttttt.
1200 473 1207 521 l
1227 471 1399 543 inepiscopis
1412 470 1571 541 capenum.

1113 558 1193 615 ttt'tt.
1209 562 1220 598 ¹¹
1235 561 1323 616 llelsis
1334 565 1378 633 quei
1389 562 1424 615 ati
1439 563 1614 632 episcopatum
1628 568 1761 631 nomme,
1773 571 1862 621 uma«
1943 606 1944 629 ,

1076 658 1200 708 rennuunt.
1943 654 1944 657 ’

1113 743 1207 798 xvttt.
1227 743 1263 797 ilc
1273 744 1390 797 ordinato
1415 754 1439 799 et
1453 761 1505 801 uon
1520 755 1636 816 suscepto
1650 748 1784 817 episcopus

1112 834 1182 890 xtx.
1200 834 1239 888 tie
1254 837 1380 908 episcopis
1391 835 1551 890 ordinandis.

1111 924 1170 979 XX.
1184 924 1218 979 tir
1228 928 1339 979 secundo
1354 927 1380 980 iu
1391 942 1460 980 anuo
1474 927 1587 997 synodus
1602 927 1657 994 fiet.

1111 1006 1181 1070 xltt.
1196 1013 1237 1083 ,tle
1256 1017 1345 1070 utullus
1370 1017 1505 1085 episcopus
1527 1019 1559 1070 de
1580 1020 1685 1088 propria
1704 1022 1794 1089 mipret
1813 1020 1857 1075 lice

1074 1109 1162 1163 ciceia.
1943 1160 1944 1181 ,

1109 1199 1215 1254 littei
1236 1199 1272 1253 lle
1287 1201 1330 1254 lais
1340 1202 1384 1269 qui
1396 1201 1422 1253 iu
1434 1202 1518 1257 ulieuu
1532 1201 1637 1270 parocia
1647 1199 1770 1255 ordinant
1780 1217 1857 1268 oseu-
1943 1188 1944 1271 l

1072 1309 1160 1363 quone.
1703 1330 1714 1348 .
1943 1298 1944 1361 l

1109 1382 1203 1438 xxttt.
1222 1382 1257 1438 tlt
1279 1384 1346 1437 uuili
1359 1387 1536 1455 episcoporum
1554 1384 1628 1438 liceat
1642 1379 1730 1454 [Lupe
1748 1392 1806 1453 post
1819 1380 1858 1456 sc]

1074 1493 1148 1545 posse
1160 1491 1333 1530 successorem
1348 1476 1453 1548 elipue.
1869 1473 1872 1477 ’

1109 1566 1203 1621 ittttv.
1218 1565 1256 1620 lle
1265 1568 1339 1621 relus
1354 1564 1494 1634 Ecclesiae,
1508 1576 1531 1619 et
1545 1583 1602 1634 pure
1614 1574 1673 1620 auset
1687 1565 1808 1637 episcopi.

1109 1658 1192 1716 XXV.
1206 1658 1239 1713 Et
1252 1668 1279 1712 ut
1291 1660 1427 1714 eniscouus
1446 1668 1596 1728 potestatem
1612 1657 1705 1711 lrabeat
1724 1672 1764 1709 res
1778 1653 1859 1709 Eccit-

230 1748 359 1817 lratram,
376 1765 434 1820 quta
459 1749 605 1805 secumlum
632 1749 802 1804 traditionem
820 1765 869 1820 per
885 1750 1021 1808 Ecclesiae
1035 1748 1059 1808 B
1075 1752 1120 1806 sic
1131 1752 1272 1822 palernum

230 1842 392 1909 praeeperilms
409 1841 473 1894 llent
485 1840 576 1895 beatas
589 1840 715 1901 dicimus,
731 1850 759 1893 et
779 1841 880 1906 esnisia,
895 1859 956 1911 qttae
973 1861 1019 1899 sc·

231 1934 349 1986 erundum
364 1932 469 1986 ‹tirinas
483 1932 636 1988 Scritnuras
650 1933 745 1990 tradita
759 1944 831 2002 sitiat,
848 1937 1019 2004 etapostolo·

229 2040 287 2078 rum
304 2022 479 2090 traditiones,
496 2023 524 2078 in
536 2034 629 2079 sarucia
644 2025 763 2080 Ecclesia
780 2023 838 2081 lleri
859 2040 1018 2082 exoramus.

229 2121 323 2175 straten.
345 2121 379 2173 tu
396 2118 605 2189 susbscripsimus
620 2118 744 2174 feliciter.

420 2207 613 2267 erueremur
650 2210 820 2267 catttttlta

424 2300 557 2356 Cauou'um
574 2303 802 2358 Atrtdiocicnsimu.

262 2395 271 2449 l
301 2394 389 2449 liciis
406 2395 452 2464 qui
467 2404 478 2431 ⁸
494 2393 670 2447 contradicunt
686 2392 800 2447 llicnnis
822 2395 978 2460 cauonilas,
992 2405 1018 2451 et

228 2488 257 2540 dr
275 2483 482 2562 [lepesancto]
497 2494 615 2538 euraccum
631 2481 742 2538 Pescia.

263 2582 294 2637 ll.
314 2582 350 2635 lle
365 2581 404 2634 leis
418 2580 461 2650 qui
473 2596 500 2634 se
513 2579 545 2631 al
560 2576 642 2650 [leue
661 2577 799 2650 eeclesiis]
815 2576 929 2634 Ecclesia
941 2597 1017 2649 scpu-

227 2687 292 2740 rant,
305 2686 328 2728 ct
341 2674 366 2727 in
379 2672 494 2726 dentibus
506 2672 706 2726 commemicaut.

261 2754 305 2825 ll‘l.
325 2765 334 2805 s
350 2765 388 2821 tu
403 2762 443 2839 [L
458 2781 488 2838 pc
511 2758 717 2837 invadentibus]
731 2766 877 2821 insedentes
899 2768 1016 2835 parocias

226 2840 331 2915 cuticiaci.

261 2951 304 3005 ll.
315 2947 707 3024 tienepeexeonnmuieaus]
722 2951 953 3007 excommunicatus
970 2954 1015 3018 oui

224 3052 380 3113 presumunt
400 3057 483 3115 apere.

261 3134 293 3190 ll.
310 3131 348 3190 lic
357 3134 396 3188 tris
407 3133 449 3202 qui
460 3132 559 3187 occulte
570 3134 601 3186 ui
616 3129 730 3186 Ecclesia
746 3141 892 3203 seprcpeut,

261 3225 305 3280 i'l.
320 3224 358 3279 lle
370 3224 595 3281 excommunicatis
605 3222 705 3278 clericis
715 3224 754 3278 uel
766 3221 849 3276 iaicis.

261 3317 316 3372 llll.
331 3315 471 3372 [lentandis
487 3313 616 3385 epistulis.

232 3389 234 3394 ’
260 3405 331 3464 vlit,
347 3407 444 3462 Danau
455 3407 625 3477 suscipiendis
634 3407 784 3477 pereprinis.

261 3501 305 3557 lli.
321 3500 581 3570 Demesopolituuis.
616 3487 619 3491 ’

259 3586 339 3668 535
354 3591 386 3648 x.
400 3591 439 3645 lle
449 3593 489 3647 luis
499 3595 543 3662 uui
558 3601 680 3645 uocantur
693 3589 860 3658 corepiscopi.

262 3683 305 3737 tlt.
320 3683 404 3736 lleliis
417 3684 460 3749 qui
472 3690 484 3729 l
497 3682 690 3751 imperatoribus
708 3680 862 3751 supplicant.

262 3774 317 3829 llil.
336 3773 347 3809 ¹¹
365 3769 404 3828 De
418 3773 458 3827 leis
471 3776 515 3843 qtti
524 3772 657 3842 depredari
668 3772 816 3840 imperatori
828 3772 986 3840 supplicant.

263 3866 281 3922 ,t
299 3865 330 3920 ll.
348 3861 385 3919 tle
395 3866 519 3937 episcopis
531 3865 575 3934 qui
586 3865 612 3917 iu
625 3862 711 3918 alienu
724 3863 828 3930 parocia
843 3864 975 3916 ordinaret.

262 3957 329 4014 att.
345 3955 352 3995 ί
368 3953 398 4013 Si
412 3970 547 4012 accusatus
561 3958 692 4026 episcopus
704 3957 770 4009 inter
779 3957 947 4023 provinciales
965 3957 1018 4010 iaie

225 4054 292 4108 ruinae
298 4052 426 4127 judicium
438 4049 582 4105 sonuerunt.

258 4226 312 4282 ¹ld
325 4234 367 4282 est
379 4225 491 4296 fractus,
506 4234 555 4277 sco
566 4221 664 4276 nielles.
745 4275 748 4280 7
946 4281 948 4284 Ι

257 4298 271 4337 ¹³
291 4299 326 4379 ita
339 4305 430 4351 noster
442 4294 538 4348 codes.
555 4290 631 4361 Apud
647 4288 714 4344 lust.
730 4286 834 4343 llemini
844 4296 921 4341 nostrl
932 4283 1013 4341 lano-

223 4370 409 4502 'fis‘iiiiizsin
428 4449 485 4488 eum
500 4433 734 4504 couprepatioucru·
749 4427 844 4486 llellus
859 4437 950 4483 noster
967 4443 1013 4483 ce·

222 4510 283 4571 des,
299 4509 344 4578 quii
358 4522 419 4561 mus
434 4503 504 4560 delet
519 4504 644 4557 oninium.

257 4576 415 4634 llus-telius
433 4575 514 4631 liusee
534 4587 652 4629 canones
674 4570 770 4636 prisca
786 4570 918 4624 reuelante
932 4568 1020 4623 inre·-

223 4647 263 4702 uit
274 4649 353 4702 etiam
367 4648 393 4701 in
407 4647 459 4701 alin
473 4660 525 4700 ms.
537 4645 641 4697 Thoan.
658 4639 719 4704 533,
733 4647 803 4693 nuere
814 4640 932 4693 Collsert.
946 4639 1010 4704 ill,

224 4732 272 4770 stirs
285 4717 311 4769 iu
328 4719 412 4771 utus
424 4713 625 4771 collectionibus
638 4711 763 4773 diversis,
777 4709 899 4763 nimirum
910 4711 1010 4765 ianus.

226 4789 284 4840 i'at.
299 4787 363 4854 ttcg.
381 4786 458 4851 tuli,
471 4784 584 4838 lucensi
609 4783 644 4836 88
657 4789 685 4835 ct
699 4778 759 4832 lat.
780 4775 855 4833 tate.

260 4855 333 4910 ‘ile
348 4855 409 4909 Vat.
434 4854 511 4920 lium,
528 4862 621 4906 tentent
646 4851 773 4904 contraria
799 4861 880 4912 nuere
896 4843 1011 4902 Nicaenis

224 4926 375 4987 carroniius,
392 4926 428 4978 uti
446 4925 525 4978 uallet
540 4921 596 4993 ipse
609 4907 875 4976 lustetttauuscidex
885 4920 1009 4984 iu‘titulo,

222 4999 267 5071 qui
279 4998 374 5053 cauaoui
386 4997 472 5064 prituu
480 4993 590 5048 ittlcrius
602 4988 759 5059 pruttgunr.

262 5069 271 5108 t
292 5068 361 5122 idem
373 5067 435 5122 cod.
451 5062 512 5119 Vel.
537 5062 612 5132 ileu„
632 5062 668 5114 lle
682 5062 722 5114 itis
732 5062 776 5130 qui
790 5063 822 5115 de
839 5064 903 5116 altus
918 5071 1010 5130 praero-

224 5140 298 5264 cmi
308 5141 325 5193 l.
337 5139 398 5193 uliis
411 5131 550 5204 eumeuii)
565 5134 591 5188 iu
611 5134 677 5188 alias
696 5148 722 5184 se
748 5144 879 5204 emtrpuut
894 5142 941 5187 :et
956 5128 1009 5184 lV.

226 5211 265 5264 Dc
300 5209 428 5280 epreduris
447 5204 666 5277 presumentilus.
682 5198 732 5256 tl.
756 5202 793 5257 lle
807 5204 845 5257 iuis
866 5206 910 5274 qui
932 5218 959 5256 se
979 5199 1010 5252 el

225 5279 341 5337 Ecclesia
350 5281 470 5334 retinent.

259 5361 273 5399 ⁸
288 5352 359 5407 idem
375 5366 438 5419 tus„
451 5348 520 5421 apud
531 5348 721 5417 imperatorem.

261 5422 362 5481 ¹¹ltlcnt
377 5422 450 5487 coel,
466 5420 504 5475 lle
527 5418 692 5502 depredatis,
709 5416 754 5487 qui
770 5431 796 5470 se
815 5411 1010 5497 imperatoribus

226 5504 398 5560 prosteruunt.
415 5492 474 5549 llos
486 5491 514 5546 iu
529 5490 613 5545 altena
626 5486 830 5545 excudemcod.
839 5496 1009 5554 scripsimus.

225 5565 292 5620 lust.
309 5567 334 5617 iu
345 5566 406 5618 elin.

267 5632 353 5686 ⁴¹(lul.
370 5633 430 5685 leur.
448 5632 523 5697 llug..
543 5627 713 5695 lleepiscopis
724 5627 859 5680 accusatis.

263 5701 361 5760 illurn
384 5703 488 5756 titurium
516 5714 562 5754 seu
586 5699 730 5762 caputiatum
755 5701 779 5750 iu
799 5695 902 5749 lusu-lli
925 5692 1012 5747 tabula

1321 1840 1476 1910 Expliciuut
1486 1840 1613 1910 capitula.

1255 1975 1423 2030 tuctetuut
1450 1974 1663 2032 coasultum

1159 2089 1292 2144 Curionum
1307 2091 1525 2145 ‚turuiucteuuuu
1540 2093 1567 2145 in
1584 2090 1763 2150 Deuicuiauc

1105 2225 1200 2281 Sancta
1225 2234 1253 2281 et
1274 2224 1415 2295 pacissima
1434 2226 1573 2297 synodus,
1587 2225 1675 2299 [Lepe
1689 2225 1772 2298 apua]
1788 2226 1856 2297 uuis

1070 2316 1126 2372 uec
1148 2327 1308 2389 congregata
1335 2327 1379 2372 est
1397 2318 1567 2382 Antirioctue,
1591 2318 1632 2372 tus
1652 2318 1696 2386 uui
1713 2317 1855 2372 secunlum
1943 2302 1944 2313 ¹

1070 2410 1224 2479 prouincias
1241 2410 1381 2464 uuarsimes
1399 2411 1499 2465 sarnus
1515 2419 1542 2465 ct
1555 2408 1751 2463 courumiuistris
1765 2409 1792 2463 iu
1803 2408 1853 2463 llo-

1070 2499 1144 2555 mino
1158 2501 1284 2556 salutem.
1301 2499 1393 2555 Gratia
1414 2509 1442 2556 et
1463 2500 1564 2556 ueritas
1586 2499 1692 2554 llottuui
1720 2499 1858 2554 salsatuue

1068 2591 1154 2646 nostri
1177 2590 1241 2647 lem
1261 2590 1372 2657 Christi,
1397 2591 1439 2646 sis
1450 2599 1509 2646 taos
1526 2600 1645 2645 scutetum
1661 2588 1858 2645 munitiores-1

1068 2695 1125 2737 sem
1142 2680 1292 2737 Ece'eeism
1307 2723 1315 2747 ,
1329 2693 1356 2736 ct
1379 2682 1405 2736 iu
1424 2696 1505 2736 unum
1522 2697 1570 2734 nos
1586 2695 1773 2751 ecuuugregaos,
1788 2696 1852 2737 eoru

1068 2771 1142 2825 suuni
1157 2780 1185 2826 et
1198 2787 1252 2826 unu
1264 2787 1345 2827 sensu
1369 2771 1396 2825 iu
1411 2773 1505 2841 spiritu
1530 2772 1602 2842 pacis
1617 2780 1631 2806 ¹¹
1648 2774 1731 2825 nutrita
1749 2770 1850 2840 quidem

1067 2862 1120 2916 slis
1135 2861 1266 2932 ctrrrigita
1283 2862 1309 2916 in
1324 2861 1450 2916 omatibus
1462 2869 1552 2916 autem
1568 2871 1594 2916 et
1609 2861 1731 2931 corripit,
1742 2876 1775 2916 es
1790 2876 1852 2928 pra·

1067 2960 1146 3021 cepto
1159 2952 1245 3007 sancti
1260 2962 1288 3008 et
1302 2952 1407 3024 pucillei
1423 2951 1540 3022 Spiritus
1554 2953 1623 3009 bene
1641 2952 1733 3007 tratueri
1746 2952 1846 3022 placuit,

1067 3056 1128 3099 cum
1144 3043 1230 3098 multo
1245 3050 1377 3112 tractant,
1394 3042 1474 3116 536
1492 3050 1520 3099 et
1529 3042 1632 3113 judicie
1645 3042 1725 3098 sierint
1737 3043 1849 3097 «amnium

1029 3123 1191 3189 Gnostrum
1206 3133 1234 3189 in
1246 3133 1297 3189 ltoc
1310 3134 1369 3205 ipso
1385 3134 1554 3203 cougregatis
1564 3136 1700 3204 episcopis
1721 3134 1788 3205 apud
1802 3137 1850 3189 Art·

1068 3226 1221 3282 titioeeuam
1236 3226 1373 3282 civitatem
1397 3241 1431 3281 es
1447 3225 1562 3282 dirersis
1580 3226 1726 3296 provincis
1738 3226 1770 3279 ad
1787 3228 1849 3279 riuti·

1068 3318 1132 3372 tiam
1147 3327 1263 3372 uestram
1286 3315 1471 3388 sategerimus,
1488 3317 1632 3372 credentes
1650 3316 1756 3371 Domini
1771 3315 1848 3369 ruituri

1066 3407 1153 3477 pratia
1166 3417 1194 3463 et
1206 3409 1280 3479 pacis
1292 3408 1320 3463 in
1334 3408 1435 3477 Spiritu
1455 3416 1565 3474 sancto,
1580 3417 1593 3444 ⁰
1610 3411 1671 3476 utria
1688 3417 1716 3463 et
1731 3409 1777 3476 ipi
1792 3423 1849 3462 cuu-
1943 3419 1944 3444 t

1068 3500 1190 3554 sentiatis
1205 3514 1255 3569 per
1267 3500 1393 3555 virtutem
1407 3499 1485 3568 eius,
1500 3499 1568 3554 sieut
1584 3500 1669 3554 uoltis·
1680 3515 1724 3553 esur
1739 3513 1847 3567 paresen-
1943 3531 1944 3534 =

1069 3601 1119 3655 tes,
1135 3591 1344 3649 elocutionibus
1359 3590 1554 3662 cooperantes,
1581 3594 1667 3661 magis
1688 3601 1775 3647 autem
1789 3604 1847 3644 cert·

1066 3684 1183 3751 firmati,
1199 3694 1227 3741 et
1249 3693 1343 3741 saneto
1358 3685 1460 3755 Spiritu
1474 3694 1640 3752 coageutcs,
1658 3684 1716 3738 ltaec
1735 3684 1788 3752 ipsa
1800 3697 1845 3736 uo·

1066 3776 1170 3832 liscum
1186 3776 1387 3833 consentientes
1401 3783 1430 3831 et
1453 3775 1668 3842 constituentes,
1683 3785 1710 3831 et
1728 3776 1782 3829 lucc
1795 3774 1845 3841 ipss
1943 3787 1944 3826 t

1065 3882 1126 3936 quum
1155 3868 1313 3934 placuerunt
1338 3869 1506 3937 assignantes
1525 3875 1554 3921 et
1574 3867 1714 3923 tlrmautcs
1735 3880 1845 3935 mesaur-

1065 3966 1136 4012 ctum
1151 3959 1279 4028 Spiritum
1302 3966 1493 4013 corusouauter.
1509 3957 1578 4012 Sunt
1594 3958 1666 4013 euim
1680 3958 1724 4027 uui
1738 3953 1843 4011 inserui

1064 4060 1127 4108 stunt
1140 4063 1257 4106 canones
1267 4048 1451 4116 ecclesiastici,
1469 4047 1536 4118 equi
1548 4046 1647 4103 subditi
1661 4056 1724 4102 auru
1734 4062 1747 4098 a
1757 4054 1841 4099 saluts
1943 4041 1944 4048 ’

1064 4219 1192 4272 omissum
1207 4232 1239 4271 cs
1255 4224 1348 4270 nostro
1361 4214 1422 4269 eod.
1439 4211 1497 4265 ilat.
1514 4210 1580 4274 llere,
1598 4210 1768 4267 rest'tuimus,
1781 4222 1841 4261 eum
1943 4213 1944 4230 ¹

1064 4291 1181 4356 cinitone
1193 4301 1254 4342 eum
1265 4284 1324 4348 illo,
1338 4299 1417 4354 queem
1437 4280 1534 4336 cunoni
1550 4279 1584 4335 lli
1595 4279 1666 4334 idem
1675 4277 1837 4334 lustcllimus

1065 4360 1148 4414 codes
1165 4356 1287 4423 pruilait.
1305 4355 1369 4411 ilinc
1382 4367 1462 4421 porro
1477 4365 1603 4405 tttttuurus
1614 4350 1783 4414 capitulorum
1797 4359 1835 4398 se·

1064 4428 1204 4497 praetutium
1218 4426 1319 4480 unitate
1331 4423 1443 4488 siugulis
1454 4421 1543 4474 attilius
1557 4422 1767 4473 sententiavimus.
1812 4482 1818 4493 .

1101 4498 1113 4536 ¹¹
1128 4497 1166 4552 lle
1179 4498 1218 4549 luis
1230 4496 1274 4566 qui
1286 4495 1367 4548 receti
1381 4495 1414 4546 ud
1434 4492 1610 4562 episcopatum
1631 4494 1797 4548 coutcumuut,
1812 4497 1839 4535 tn

1065 4570 1159 4622 coelem
1179 4567 1240 4621 liat.
1256 4566 1321 4634 lteg.
1347 4578 1397 4617 tuus.
1417 4571 1446 4616 et
1463 4576 1537 4614 rurtru.
1561 4561 1607 4627 li,
1631 4558 1672 4615 Dc
1695 4556 1838 4613 munatium

1064 4641 1250 4708 episcoporum.
1773 4697 1778 4705 q

1102 4706 1110 4747 ¹
1125 4704 1282 4774 iuuencum,
1298 4703 1334 4758 ilc
1348 4704 1387 4756 isis
1400 4702 1445 4772 qui
1456 4702 1486 4756 ult
1507 4700 1567 4754 aliis
1579 4701 1705 4770 episcopis
1727 4697 1835 4752 ordesos·

1064 4789 1114 4832 tur.
1129 4775 1221 4832 lllllli.
1240 4774 1378 4829 Uenutius
1410 4773 1544 4835 episcorus
1565 4781 1621 4838 pest
1641 4786 1669 4824 se
1685 4778 1837 4843 successisset

1063 4851 1150 4918 clipei.
1163 4844 1256 4900 ulti.
1277 4846 1313 4897 lte
1326 4844 1467 4899 resistentie
1485 4790 1614 4906 decuriae,
1624 4850 1647 4893 et
1658 4854 1715 4902 cute
1726 4848 1780 4892 suut
1791 4849 1836 4902 epu·

1064 4921 1146 4978 scopi.
1164 4914 1248 4971 itti.
1266 4913 1300 4969 tlt
1325 4917 1458 4976 episcorum
1484 4911 1576 4965 laniem
1597 4919 1744 4980 potestatem
1764 4917 1836 4959 rerunt

1067 4989 1188 5041 le'cclcsioe
1203 4985 1423 5056 praecauendum
1441 4983 1540 5050 epuler
1547 4981 1702 5033 usurariorum.

1100 5063 1121 5095 Φ
1134 5058 1200 5112 cue
1216 5058 1333 5119 tuum..
1348 5053 1501 5108 anteactae.

1100 5136 1114 5164 ¹¹
1125 5128 1206 5192 lusu,
1222 5133 1303 5179 mu'ta
1316 5123 1464 5190 curiipeudu
1476 5138 1484 5173 .·
1501 5122 1526 5173 iu
1537 5119 1654 5172 amulius
1664 5129 1747 5170 autem
1759 5124 1779 5168 et
1787 5123 1834 5165 car·

1065 5199 1131 5278 cipit
1142 5213 1175 5252 ea
1188 5204 1313 5265 precepto
1327 5194 1422 5247 sanetis
1435 5192 1498 5243 l’utr
1510 5192 1555 5241 ius
1566 5192 1627 5242 tene
1638 5187 1725 5242 laleri
1741 5181 1833 5256 placuit.

1067 5265 1151 5322 liunus
1167 5270 1234 5320 muta
1249 5282 1298 5318 ms.
1315 5263 1373 5317 i'ut.
1392 5262 1455 5328 lieu.
1470 5261 1559 5313 let-tia.
1791 5322 1797 5333 .

1102 5345 1115 5372 ⁰
1131 5333 1212 5398 lust..
1226 5352 1268 5403 qu·
1284 5331 1607 5401 cupientissimam...
1624 5338 1648 5382 et
1663 5321 1833 5394 operationibus

1044 5431 1048 5438 ²
1068 5417 1243 5480 coopuarues.
1261 5390 1831 5465 Ernetutstioucmsuupecluasitilemutdct·

1101 5489 1115 5528 e
1130 5479 1168 5531 lta
1183 5476 1254 5530 idem
1265 5491 1353 5526 curu-er
1365 5472 1426 5525 criel.
1440 5468 1514 5538 dpuil
1524 5468 1595 5523 lust·
1611 5469 1680 5523 anule
1691 5466 1734 5537 qui
1745 5453 1834 5534 uejecti

1066 5558 1125 5600 sieut
1147 5554 1271 5600 consuet
1292 5543 1435 5613 paucissinuu
1454 5541 1569 5610 synodus
1584 5551 1594 5592 .·
1612 5548 1639 5594 ut
1659 5544 1731 5592 uuest
1747 5537 1770 5588 ist
1788 5539 1831 5586 tua

1068 5620 1173 5672 'l'itttem
1190 5616 1240 5684 lugi
1256 5613 1367 5667 stau-udus
