4000 6175
122 276 159 337 m
312 266 430 325 obex
450 267 610 325 canontttt
633 264 775 330 eccles.
796 274 842 334 ΕΤ
859 277 1147 339 consulibiontitt
1167 283 1196 340 S.
1218 282 1317 343 ssots
1335 286 1500 345 neostot.
1680 293 1734 351 lli

120 387 178 446 aiibi
191 386 267 442 ctiam
279 380 426 440 seditiones
436 387 558 441 excitare
572 395 584 424 ι
601 389 748 458 probantur
758 394 891 464 episeopis
904 406 928 463 Λ
942 398 1040 467 ciabat,
1056 401 1202 458 secundum
1214 404 1312 473 gradus
1325 409 1500 474 constitutos;
1515 411 1575 464 lucc
1597 426 1662 468 vero
1688 412 1740 468 hu·

83 534 87 541 ,
120 479 202 536 ibidem
217 474 376 543 constitutis,
392 476 528 548 segregari
543 493 590 533 eos
604 494 715 536 necesse
729 491 781 550 est,
804 494 830 540 et
853 485 895 540 ui·
945 494 1052 547 manior
1064 495 1184 550 delinitio
1196 497 1370 568 quinquennii
1386 507 1493 570 tempus
1509 501 1609 556 tribuit.

119 570 246 627 hrlominus
259 568 416 638 presbyterii
431 567 562 639 dignitate
577 571 686 641 privari.
980 584 1075 641 xxiv.
1096 586 1145 654 Quoi
1160 588 1282 658 eugenia,
1298 590 1480 663 auspiciaque,
1495 592 1553 648 sive
1565 595 1680 664 sononia,
1692 599 1735 653 vel

49 660 50 675 ¹
144 660 208 718 xlx.
231 660 368 729 Quotquot
391 659 573 731 uirginitatem
594 662 705 732 polliciti
727 667 894 734 praetarlcell
943 676 1126 733 diuinationes
1152 679 1283 748 utraslibet
1304 681 1453 737 secundom
1486 698 1590 738 morem
1613 688 1735 755 gentium

49 836 50 839 Ἴ
117 750 380 822 ιιιι,8ρτοιοιεῐοιιο
401 764 571 825 contempta,
600 755 673 811 inter
695 755 827 827 bigamos,
848 761 892 830 qul
943 769 1159 835 observantem
1176 771 1204 825 iu
1228 771 1323 827 domos
1343 789 1406 828 suas
1431 774 1585 845 hujusmodi
1612 778 1736 834 homines

116 850 142 906 sd
155 848 277 906 secundas
299 850 409 920 nuptias
433 853 608 923 transierunt,
634 853 724 910 baberi
744 855 891 916 debebunt.
943 859 1137 919 introducunt¹
1156 864 1184 918 in
1198 865 1371 934 exquirendis
1393 866 1481 935 aliqua
1504 877 1563 923 arte
1584 869 1735 942 maleficiis,

117 943 322 1013 i'irpinesautcm
338 942 453 1011 puellas,
467 959 526 1014 quce
537 954 665 1016 tanquam
682 960 790 1001 sorores
804 958 816 988 ι
830 964 891 1005 eum
942 964 988 1009 ant
1010 963 1040 1010 ut
1059 956 1155 1012 domos
1175 972 1238 1012 suas
1259 958 1388 1025 lustrent,
1413 961 1528 1016 confessi
1549 966 1734 1033 poenitentiam

48 1076 50 1127 ἱ
115 1037 156 1092 illis
167 1034 226 1088 uiris
239 1032 363 1090 babitare
378 1035 483 1103 uolunt,
507 1036 542 1090 ab
563 1039 815 1113 eorunm-consortio
831 1054 894 1107 pro·
942 1044 1125 1117 qusinqrrennio
1140 1060 1219 1119 agant
1231 1051 1377 1107 secundum
1389 1055 1494 1125 regulas
1508 1056 1655 1126 antiquitus
1666 1072 1734 1113 con·

48 1136 50 1147 ’
116 1130 230 1183 bibemus.
419 1157 437 1188 e
942 1138 1059 1193 stitntas.

143 1218 193 1274 lix.
209 1217 235 1273 Si
250 1220 310 1289 ortis
326 1217 487 1278 adulmnum
503 1223 681 1289 commiserit,
696 1233 800 1293 septena
815 1226 892 1282 annis
978 1226 1062 1281 XXV.
1078 1228 1107 1284 Si
1123 1230 1182 1298 orris
1207 1245 1334 1298 sponsam
1354 1234 1456 1288 babens
1475 1236 1560 1290 sorori
1575 1235 1633 1305 ejus
1655 1238 1734 1293 lorsi·

115 1313 135 1367 in
149 1310 295 1397 peonitentia
309 1310 324 1350 8
340 1312 491 1382 completis,
517 1313 675 1384 perfectioni
699 1316 829 1373 reddatur
853 1332 893 1374 se·
943 1326 988 1371 tan
1002 1318 1124 1377 intulerit
1140 1320 1147 1370 i
1166 1321 1335 1389 rintenrtnn,
1355 1326 1434 1394 eique
1449 1326 1588 1382 inhaeserit
1608 1337 1734 1397 munuum

94 1441 97 1446 -
113 1403 210 1457 cundum
226 1400 357 1470 pristinos
369 1402 478 1473 gradus.
805 1462 807 1469 ,
941 1423 1018 1475 suae;
1035 1408 1212 1466 bacautemk
1237 1413 1360 1481 deserta,
1376 1426 1469 1484 postea
1492 1431 1605 1472 uxorem
1625 1418 1735 1474 duxerit

47 1500 48 1511 ¹
140 1492 226 1548 llll.t
241 1493 371 1548 Mulieres
393 1508 457 1549 vero
476 1509 536 1565 quae
549 1490 725 1568 fornicantur,
748 1508 775 1553 et
799 1509 891 1569 partus
942 1497 1143 1568 desponsatam,
1170 1501 1215 1557 illa
1233 1519 1297 1558 reru
1312 1521 1371 1576 quae
1392 1492 1490 1560 ιίιιιιιιιι
1508 1521 1587 1576 passa
1612 1517 1666 1573 est,
1683 1506 1692 1549 ¹
1710 1510 1734 1564 si

46 1652 47 1655 Ἴ
111 1601 162 1639 tutos
173 1595 285 1650 necant,
301 1585 350 1639 sed
365 1593 393 1640 et
410 1600 456 1642 eas
470 1580 530 1657 q'rtae
549 1596 633 1657 agunt
652 1603 744 1644 secum
765 1572 891 1645 nt'otero
941 1587 1011 1645 lorte
1022 1591 1074 1646 sihi
1086 1607 1179 1648 necem
1196 1593 1339 1652 intulerit:
1359 1612 1454 1651 omncs
1469 1596 1497 1652 bi
1516 1599 1562 1665 nui
1577 1597 1639 1653 lacti
1656 1599 1735 1669 liujus

46 1666 47 1675 ’
110 1685 238 1741 conceptos
252 1677 399 1743 excutiant,
415 1678 524 1748 antiqua
541 1679 650 1748 quidem
670 1680 792 1736 dellnitio
806 1696 890 1751 usque
941 1682 1129 1751 consedeant,
1145 1684 1239 1740 decem
1252 1687 1331 1741 annis
1342 1687 1367 1741 in
1384 1686 1570 1757 poenitentiam
1582 1689 1735 1760 redigantur

112 1769 137 1823 nl
147 1769 240 1823 tritum
254 1769 314 1824 citae
327 1770 363 1824 ab
379 1770 497 1825 Ecclesia
513 1768 523 1808 ¹
539 1772 669 1837 remurit;
685 1772 827 1828 humanius
838 1789 886 1829 au·
901 1771 1084 1832 bueconem
1100 1792 1218 1834 canones
1231 1758 1391 1835 constitutos
1404 1790 1434 1835 ι’.

111 1871 152 1913 torn
164 1876 231 1914 nunc
247 1859 400 1925 delinimus,
417 1873 446 1916 nt
463 1861 505 1918 his
519 1861 612 1918 decern
628 1878 759 1919 annorrnn
781 1876 887 1937 ternpus
1138 1873 1216 1943 115
1244 1869 1442 1927 ctettotbtt
1467 1873 1512 1928 tt.

110 1952 258 2021 pronianum
274 1952 418 2009 tribuatur.
928 1954 931 1960 ‘
992 1973 1124 2013 incretum
1139 1974 1256 2015 canones
1275 1977 1388 2015 conenit
1399 1970 1413 1997 ¹²
1428 1979 1668 2029 neocesunmusrs,

137 2044 206 2098 titt.
221 2044 274 2112 Qui
287 2045 437 2100 voluntarie
453 2030 626 2103 homicidium
641 2048 764 2113 iecerint,
779 2049 812 2104 ad
827 2064 885 2120 poe-
940 2047 1041 2113 οΩιιοιι
1058 2050 1184 2119 posterius
1199 2051 1249 2120 luit
1264 2051 1432 2121 dormitans,
1454 2053 1498 2106 sed
1519 2054 1590 2122 prins
1615 2053 1731 2108 ilicone.

112 2135 233 2190 nitentium
248 2151 277 2192 se
294 2137 402 2206 quidem
415 2137 515 2209 jugiter
533 2140 708 2208 submittant;
733 2140 803 2197 eirca
826 2143 884 2197 exi·
1192 2150 1205 2189 ι·
1231 2139 1312 2194 Tituli
1326 2154 1471 2198 canonum.

111 2236 153 2279 tun
163 2239 251 2283 antem
265 2228 326 2281 ritae
340 2230 528 2285 communione
542 2231 614 2301 digni
630 2232 789 2287 habeantur.
974 2230 993 2284 Ι.
1007 2230 1039 2287 Si
1052 2232 1180 2302 presbyter
1193 2248 1299 2286 uxorein
1314 2233 1427 2295 duceris,
1439 2232 1603 2304 dependetur.

137 2317 229 2389 sm
241 2318 333 2373 lllllll.
345 2319 398 2374 Eos
410 2335 473 2375 vero
484 2322 592 2392 quinon
603 2322 749 2387 notumne,
761 2323 807 2379 sed
819 2340 884 2381 casn
973 2320 1008 2378 ll.
1022 2321 1119 2377 Melior
1131 2325 1154 2376 si
1168 2323 1267 2377 duobus
1280 2325 1404 2394 {ratribus
1418 2326 1543 2393 nupserit.

111 2409 263 2464 homicidium
279 2408 538 2480 iperpetra'veront,
568 2413 641 2482 prior
663 2412 771 2479 quidm
793 2415 887 2484 rapula
976 2413 1021 2468 ill.
1033 2412 1073 2468 be
1083 2413 1123 2467 hie
1137 2415 1183 2484 qui
1193 2415 1287 2482 roepius
1297 2415 1402 2469 nohum.

44 2516 45 2519 ¹
110 2511 156 2569 post
167 2511 269 2571 septem
287 2515 418 2556 annorum
442 2503 627 2573 poenitentiam
638 2504 823 2560 eorttmunioni
838 2520 885 2561 so·
976 2503 1022 2562 lll.
1038 2503 1078 2559 lle
1090 2507 1225 2577 concupito
1236 2506 1352 2560 nrullcre.

137 2709 257 2764 weron.
281 2709 317 2765 55
341 2709 438 2764 melius
457 2709 642 2780 prolabuntur.
668 2709 735 2765 bein
757 2710 882 2780 clipnitotc
935 2709 1166 2778 interpretationis
1193 2708 1264 2764 baud
1289 2723 1349 2765 esse
1377 2711 1548 2767 tribuendum
1576 2712 1728 2767 tutunuimus

110 2782 249 2848 tenpsinnrs
261 2795 294 2835 es
310 2780 436 2834 omnibus
450 2783 549 2835 nostris
561 2781 654 2843 codd..
678 2781 882 2836 concinentibus
934 2788 1027 2833 annot.
1043 2780 1069 2833 l.
1084 2780 1197 2832 Nonrina
1208 2780 1315 2850 nunidem
1330 2781 1517 2850 episcoporum
1530 2797 1560 2835 es
1573 2781 1729 2850 praelatione

110 2852 174 2903 etiam
193 2853 238 2905 rui
259 2892 266 2905 .
283 2849 345 2906 lsid.
361 2851 754 2918 concentusconcentus,
773 2850 881 2905 bonone.
934 2848 1015 2915 ltujns
1036 2849 1130 2920 synodi
1151 2862 1292 2920 excerpta3
1308 2858 1336 2904 at
1352 2851 1548 2916 prouinciarum
1564 2854 1685 2916 nomina,
1702 2854 1728 2906 in

137 2919 221 2976 leod.
235 2866 339 2974 {boam
353 2920 455 2976 omittit
468 2936 548 2976 voces
573 2923 893 2990 professionecontemptu.
934 2921 1031 2988 ortibus
1043 2920 1165 2989 quaedam
1185 2920 1329 2988 prouinciae
1345 2922 1477 2990 posterius
1494 2920 1623 2976 institutae
1636 2937 1668 2975 ac
1688 2922 1730 2976 di·

109 2990 149 3044 lis
163 2992 218 3046 ier·
229 3008 258 3046 n.
284 2991 319 3046 55
334 2992 375 3046 bis
397 2992 507 3047 uocibus
530 2991 606 3046 addat
617 3000 642 3045 et
656 2990 690 3045 nd
705 2991 807 3061 neptim
821 3007 882 3046 omn·
934 2990 1002 3044 visae
1025 2998 1210 3056 recensentur,
1225 2991 1260 3045 ah
1275 3002 1385 3046 auctore
1399 2992 1512 3065 catalogi
1533 2992 1624 3047 addita
1644 2993 1728 3048 luere.

109 3061 218 3116 sumunt.
934 3058 963 3113 ln
980 3070 1031 3115 ms.
1056 3059 1155 3124 ieron.
1174 3061 1209 3116 55
1223 3061 1274 3116 alia
1297 3076 1375 3116 urrann
1392 3061 1570 3130 subjiciuntur
1583 3065 1636 3118 dtur»
1650 3078 1729 3119 cano·

138 3143 146 3170 e
162 3134 234 3200 iulg.
245 3131 383 3188 hiemum
396 3131 502 3189 duobus
513 3147 576 3189 mss.
589 3130 736 3198 Vononen„
746 3149 805 3186 cunr
819 3114 918 3187 nou-C
935 3145 993 3195 nes,
1007 3132 1052 3197 quui
1066 3133 1136 3187 intes
1149 3135 1245 3202 elutum
1257 3134 1363 3198 oratioue
1377 3133 1547 3188 lutrenientnr
1557 3150 1583 3189 c.
1598 3134 1634 3189 20
1643 3146 1669 3189 et
1680 3133 1727 3201 et,

110 3202 250 3258 militricis.
935 3201 1072 3269 iidemque
1085 3202 1210 3256 similiter
1225 3205 1398 3273 Aneyritnuis
1421 3205 1610 3274 appenduntur
1633 3207 1727 3262 endem

136 3271 197 3328 lSic
208 3288 302 3330 omnes
315 3273 402 3328 riustri
416 3273 496 3329 codd.
508 3280 537 3329 et
551 3272 623 3343 vulg.
635 3271 697 3327 lsid.
709 3272 881 3342 Quosnellns,
934 3272 1020 3342 prima
1034 3286 1114 3325 manu
1128 3274 1154 3325 in
1165 3272 1226 3346 cod.
1242 3273 1300 3327 iat.
1314 3275 1393 3329 lili.

108 3346 194 3398 canois
674 3391 683 3410 ,
969 3349 983 3377 ¹²
1004 3340 1041 3395 lta
1061 3343 1220 3406 Quiesnellus
1243 3358 1304 3396 curn
1328 3360 1379 3398 ms.
1396 3344 1483 3399 Onon.
1503 3344 1598 3400 Ceteri
1619 3346 1728 3401 codices

136 3423 146 3451 ⁸
161 3415 213 3469 buo
223 3412 337 3480 Veron,
353 3413 421 3468 alins
432 3414 492 3469 ilat.
504 3422 532 3471 et
544 3414 616 3484 vulp.
631 3414 707 3476 istu..
718 3411 755 3467 lle
768 3414 883 3468 mulieri·
934 3408 1014 3478 buius
1026 3413 1193 3466 collectionis·
1215 3422 1283 3467 teste
1305 3414 1334 3466 Ρ.
1352 3414 1507 3468 Constantio
1522 3418 1546 3469 in
1563 3416 1666 3479 praelat.
1681 3427 1701 3470 t.
1718 3417 1729 3471 l

110 3484 159 3550 lss;
176 3493 203 3539 et
216 3484 287 3540 dein.
303 3485 349 3538 seul
364 3492 388 3537 et
401 3487 432 3538 dc
444 3483 586 3539 leis....cus
600 3483 632 3537 uh
648 3483 774 3550 Ecclesia.
934 3480 1021 3549 Epist.
1040 3484 1118 3538 bum.
1134 3483 1240 3552 pontii.¹
1263 3498 1322 3550 pag.
1343 3485 1387 3544 55,
1418 3485 1520 3539 babent
1539 3485 1725 3548 Coesuricnst's:

42 3551 43 3600 ἶ
137 3552 218 3608 ‘llud
244 3554 362 3617 Thoan..
385 3565 504 3609 removet.
522 3554 635 3612 l'indcb.
658 3555 773 3608 meotida
789 3569 879 3618 mann,
933 3552 1010 3605 etita
1026 3552 1104 3606 etiarn
1120 3555 1204 3621 prima
1221 3567 1300 3606 manu
1316 3552 1342 3606 in
1359 3552 1483 3618 iirsdeb„
1507 3563 1536 3608 at
1547 3557 1664 3610 secunda
1679 3560 1726 3610 ad·

42 3625 43 3632 ’
109 3627 211 3678 tsnorcri
224 3626 310 3688 iussit.
322 3624 380 3679 llos
392 3625 460 3691 apud
471 3625 583 3692 Quesn„
597 3627 642 3679 secl
656 3626 792 3679 bautonius
802 3640 880 3680 uttnc.
933 3619 1018 3674 ditium
1037 3620 1113 3687 Neo,·
1137 3632 1163 3676 et
1184 3622 1252 3676 hanc
1274 3623 1428 3687 lectionem,
1444 3640 1504 3692 quae
1515 3640 1576 3678 uerri
1592 3633 1644 3688 est,
1660 3626 1725 3678 reti-

108 3692 334 3762 dostrmeodices,
350 3703 378 3749 et
393 3697 464 3764 vulg.
490 3696 552 3749 isid.
578 3697 662 3750 secuti
687 3709 790 3750 strutus.
815 3694 881 3748 Dein
933 3691 1051 3745 artimus.
1067 3692 1099 3746 lli
1118 3705 1236 3745 canones
1254 3693 1385 3747 versionis
1399 3703 1471 3760 sunt,
1496 3698 1533 3749 uti
1557 3702 1664 3758 vocant,
1679 3695 1726 3749 lii·

108 3766 242 3830 munerariae
256 3765 424 3834 praetulimus
438 3780 469 3820 es
488 3766 582 3820 iisdem
605 3765 698 3828 could..
723 3765 884 3830 concinente
932 3759 1068 3826 doriauu3
1082 3774 1107 3814 et
1122 3776 1155 3816 es
1167 3762 1216 3816 bac
1231 3763 1339 3831 nunidem
1353 3764 1476 3818 versione
1488 3764 1677 3819 describuntur
1697 3767 1722 3819 in

108 3832 173 3886 etiam
187 3836 291 3890 ltruan.
304 3835 466 3903 Quosnellus
480 3851 542 3892 eunt
556 3837 655 3902 Onon,
671 3838 696 3888 iu
713 3835 869 3901 poerritentiu.
933 3831 993 3884 aliis
1008 3832 1222 3898 collectionibus,
1238 3849 1303 3894 tritas
1315 3834 1500 3889 recensuimus
1510 3836 1624 3889 annual
1639 3835 1665 3889 in
1680 3850 1725 3890 ca·

135 3913 146 3950 ⁸
156 3902 241 3960 Carion
256 3907 306 3959 iste
321 3906 389 3974 apud
401 3905 463 3961 isid.
481 3916 595 3971 pareest
609 3906 798 3975 praecedentis.
932 3912 979 3969 put
993 3903 1021 3956 5.
1040 3902 1209 3985 criptulimns
1227 3914 1316 3959 autem
1337 3918 1398 3958 cum
1422 3903 1484 3958 md.
1510 3905 1623 3959 Vindeb.
1646 3906 1725 3974 hujus

134 3970 237 4031 hCodd.
254 3975 354 4030 Verum
370 3991 431 4031 cram
446 3977 517 4048 vulg.
530 3977 605 4045 isid..
619 3981 748 4047 [cccrum
771 3985 798 4032 et
817 3974 880 4032 dein
932 3971 1110 4036 collectionis,
1129 3989 1189 4027 cnm
1201 3972 1305 4030 dnobus
1319 3988 1385 4027 mss.
1401 3973 1500 4029 Veron.
1516 3976 1552 4030 55
1564 3984 1592 4030 et
1602 3975 1647 4040 dn,
1663 3992 1723 4030 cum
1805 4023 1808 4030 .

107 4047 214 4109 ιιιὶιιιις
228 4046 346 4112 ΤΙιιιιιιι..
360 4049 450 4102 sociat.
931 4040 1079 4097 barberino
1091 4043 1173 4102 2888.
1188 4045 1232 4113 qm
1248 4044 1280 4100 ad
1295 4043 1416 4099 diuersas
1440 4046 1614 4100 collectiones
1638 4048 1722 4113 perti·

42 4139 43 4144 ¹
136 4111 144 4151 ¹
159 4116 233 4172 iidem
246 4117 327 4171 codd.
343 4117 442 4172 Veron.
452 4125 481 4171 et
494 4118 567 4187 rub.
583 4115 658 4182 isid„
678 4118 705 4172 in
718 4117 880 4178 ecuuircndis
932 4122 1009 4176 ncnt;
1020 4113 1117 4169 desunt
1129 4122 1219 4168 autem
1228 4113 1255 4169 in
1266 4127 1380 4182 corpore
1388 4116 1560 4184 manuscripti
1571 4116 1630 4169 ilat.
1642 4114 1722 4178 lili,

42 4187 44 4232 t
107 4183 216 4254 siquibus
228 4189 425 4255 srtcmuletico,·
445 4196 474 4241 et
488 4187 606 4242 secunda
622 4204 701 4244 rrranu
715 4191 741 4242 iu
757 4203 808 4241 ms.
828 4188 879 4242 ilc·
931 4180 959 4236 in
972 4183 1049 4251 cujus
1062 4186 1207 4252 praemissis
1222 4184 1292 4240 loliis
1306 4185 1388 4240 iidem
1402 4201 1471 4240 cano
1490 4200 1521 4241 es
1536 4187 1659 4258 leguntur
1669 4186 1722 4240 alia

42 4257 43 4276 l
108 4267 156 4307 roo.
166 4256 198 4310 55
211 4258 380 4314 emendatum
396 4276 403 4312 ε
422 4258 456 4311 od
465 4259 621 4329 exquirentes
632 4261 785 4329 uliquuorte
796 4258 878 4310 mele-
932 4267 1014 4307 manu
1029 4254 1156 4324 descripti
1170 4268 1203 4309 es
1220 4255 1343 4310 tersione
1357 4256 1485 4327 Dionysii.

42 4329 43 4340 ¹
106 4324 155 4386 iu.
172 4326 262 4382 Poste·
275 4328 833 4399 mnrrdnnruutiquosrepuloscoustitutus
850 4327 877 4381 in
967 4323 1058 4379 ⁰llaec
1082 4326 1236 4389 annotatio,
1266 4326 1449 4391 aQnesnelm
1477 4336 1583 4396 recepta
1609 4342 1641 4381 cs
1668 4341 1719 4381 ms.

106 4392 192 4451 luobus
206 4398 336 4452 toronen.
351 4414 414 4454 mss.
930 4390 1029 4458 Onon„
1043 4393 1119 4448 deest
1132 4395 1158 4448 iu
1174 4394 1280 4448 Tlruan.
1296 4406 1323 4449 et
1333 4395 1482 4450 vindebon.
1503 4397 1538 4450 At
1550 4411 1608 4450 casn
1622 4397 1718 4451 saltem

42 4499 44 4508 .
134 4465 141 4513 l
157 4468 265 4523 Codices
280 4468 379 4522 Veron.
399 4480 425 4522 ot
439 4467 511 4538 vulg.
526 4467 601 4532 leid„
614 4468 720 4532 citiam·
740 4477 769 4522 at
783 4465 810 4522 ln
824 4465 877 4523 Ve-
929 4465 1016 4531 ouoad
1032 4465 1207 4520 substantiam
1219 4479 1271 4518 uon
1285 4465 1372 4518 mirans
1382 4466 1408 4518 in
1420 4463 1513 4519 Graeco
1525 4476 1596 4519 textu
1611 4476 1719 4522 exstare

106 4543 155 4587 tto.
167 4538 199 4592 55
209 4538 336 4592 secundis
348 4538 420 4592 curis
430 4542 600 4594 cunndnuum
611 4539 767 4592 uiolentiam.
929 4543 957 4588 ct
970 4534 998 4588 in
1013 4534 1181 4588 versionibus
1195 4532 1284 4588 Prisca
1298 4549 1330 4589 ac
1345 4534 1516 4604 Dionysiana,
1537 4550 1616 4602 qnam
1628 4540 1656 4590 in
1671 4553 1719 4590 nu-

135 4603 207 4662 kbuo
221 4608 319 4663 Veron.
333 4622 360 4663 et
374 4613 447 4676 ruric.
472 4610 547 4673 istd..
562 4611 677 4680 deceptu.
699 4608 760 4662 llos
772 4623 876 4662 uxorem
927 4615 984 4658 stra
1001 4606 1221 4670 interpretatione
1231 4603 1310 4658 luisse
1321 4604 1416 4659 Latine
1435 4606 1578 4672 redditam.
1603 4608 1718 4675 probant

105 4675 237 4734 audiuimus
251 4694 312 4733 curn
326 4679 450 4733 munibus
464 4681 564 4734 nostris
580 4693 660 4747 russ.,
675 4678 773 4748 quibos
784 4677 877 4732 couci·
927 4675 1012 4729 nostri
1027 4675 1133 4728 codices
1147 4673 1277 4730 Lucensis
1295 4675 1340 4736 88.
1354 4675 1514 4730 Barbetium
1535 4677 1617 4740 8888,
1638 4689 1718 4747 alone

105 4756 161 4798 nrum
175 4750 252 4803 ctiam
263 4750 370 4803 Tinnan.
387 4759 413 4804 ct
428 4748 498 4812 unuln.
512 4750 574 4804 lsid.
590 4750 618 4806 ln
633 4749 694 4804 cod.
712 4745 772 4803 lat.
789 4748 875 4802 uariat
927 4744 981 4799 duo
996 4746 1175 4800 veronenses.
1187 4743 1214 4799 ln
1230 4743 1376 4809 Barbermo
1390 4747 1430 4800 sic
1454 4761 1461 4798 ε
1486 4743 1534 4799 lui
1548 4762 1656 4802 emroucs
1675 4764 1715 4802 rc·

105 4812 173 4868 lectio
185 4820 221 4873 sic
242 4837 249 4872 ε
275 4817 353 4872 tione
379 4831 463 4874 urttrm
485 4820 617 4888 deceptum
634 4834 741 4873 uxorem
762 4817 873 4872 dusera.
926 4816 1004 4869 cundi
1018 4824 1077 4871 aaut
1087 4815 1284 4885 lewensium,
1294 4817 1337 4878 uro
1347 4817 1373 4869 in
1390 4815 1554 4870 Neocoesorio
1567 4828 1625 4870 sunt
1639 4834 1718 4889 espo-

106 4881 247 4954 desponsam
257 4905 317 4942 uero
329 4890 376 4944 illu
387 4891 502 4960 quoeniur
514 4905 589 4957 posto
603 4890 714 4956 uisceri,
728 4889 750 4943 sl
764 4889 874 4959 {ursiton
925 4886 989 4952 siti,·
1006 4896 1029 4940 et
1041 4887 1068 4939 ln'
1090 4886 1188 4956 priores
1206 4894 1266 4940 snut
1285 4884 1409 4941 Nieoem's.
1434 4885 1499 4942 con
1509 4887 1559 4942 init
1579 4895 1718 4957 ereutplar

104 4968 176 5007 trecen
186 4959 231 5012 sihi
241 4961 374 5025 intulerin-
388 4976 474 5013 onrnes
488 4958 526 5018 hi.
539 4968 590 5014 etc.
926 4953 1057 5011 Lucense.
1073 4955 1228 5026 inutraque
1244 4956 1389 5012 veroniensi
1409 4960 1448 5011 sie
1464 4976 1471 5012 :
1495 4956 1529 5013 Et
1551 4960 1595 5012 isti
1614 4962 1717 5028 qrridcm

137 5022 143 5059 ¹
156 5028 334 5098 Srrprplesimns
355 5034 377 5084 si
399 5046 432 5085 es
457 5028 536 5085 lliutl.
561 5045 612 5085 ms.
636 5027 750 5099 aliisque
772 5029 873 5084 nostris
928 5041 1040 5080 curiones
1053 5029 1159 5080 meandi
1171 5037 1231 5082 sunt
1245 5043 1333 5080 eornm
1345 5028 1389 5098 qui
1405 5029 1431 5080 in
1445 5030 1546 5098 Anepru
1558 5037 1582 5081 ct
1593 5026 1716 5081 Ccesureoe

42 5097 43 5116 ³
102 5094 168 5148 codd.
178 5113 202 5152 et
215 5100 284 5170 iulg.
301 5099 364 5158 istd.
925 5099 1035 5163 expositi
1047 5108 1124 5160 sunta
1134 5096 1247 5151 Nlcaerrls
1259 5113 1317 5151 uero
1328 5099 1426 5166 priores
1444 5098 1616 5151 ittueuiuntur.
1630 5097 1715 5149 adui-

42 5197 43 5226 ι
133 5173 149 5199 '²
160 5171 251 5234 bucon.
267 5186 299 5225 es
320 5185 372 5226 ms.
396 5170 482 5224 Osort
502 5169 572 5224 hanc
594 5169 794 5224 annotationem
820 5168 873 5223 alio
926 5166 1198 5222 turinianum:
1216 5167 1319 5236 Etonia
1333 5169 1437 5220 cudente
1450 5168 1570 5237 fiderunt
1581 5166 1714 5235 expositio

103 5232 241 5295 tirannos
252 5240 351 5307 adjecit
366 5259 373 5294 ε
390 5238 423 5293 Et
435 5240 638 5307 subscripserunt
649 5241 759 5311 episcopi
768 5250 873 5307 septem·
924 5235 1058 5303 discipulis
1076 5237 1261 5301 discipulorum
1281 5237 1314 5294 0.
1329 5235 1368 5292 Ν.
1388 5235 1455 5298 ⁴lesu
1477 5235 1584 5300 Christi,
1606 5246 1630 5288 et
1648 5238 1712 5288 siout

100 5305 168 5358 decim
177 5312 217 5377 orci
229 5311 287 5363 orric
296 5311 403 5363 concilio
412 5309 593 5381 interfuerunt.
604 5310 753 5379 Explicitum
761 5326 872 5365 conones
923 5305 1037 5370 Nlcoeni,
1048 5306 1084 5359 r‘tu
1095 5314 1120 5359 ct
1131 5308 1151 5359 ii
1164 5307 1254 5360 elehem
1267 5311 1299 5359 oh
1308 5306 1423 5359 omullus
1434 5303 1557 5358 custodiri

100 5379 345 5450 tonaliidncprituni
357 5382 474 5434 :eodem
491 5380 595 5451 quidem
614 5395 692 5436 seusu
711 5397 761 5451 quo
775 5383 802 5433 in
822 5397 869 5433 uo·
956 5376 1039 5429 nites
1054 5392 1186 5429 carnonam
1199 5375 1289 5428 titulos
1303 5374 1450 5440 adiecimus
1469 5388 1503 5427 ex
1526 5387 1593 5454 mss.
1613 5373 1712 5432 tinde-

101 5441 161 5504 calip
170 5451 361 5517 mirrpmrihns,
378 5451 422 5504 secl
437 5452 580 5505 tornatura
598 5452 745 5522 plerumque
759 5452 867 5504 olomeo.
920 5445 1085 5501 hortensibus
1094 5446 1129 5501 59
1142 5459 1170 5502 ct
1183 5444 1228 5508 45,
1243 5444 1377 5512 inquibus
1389 5452 1517 5510 practerea
1529 5446 1645 5525 ‚singnis
1660 5461 1708 5499 cn·

103 5509 187 5571 beorn
200 5521 359 5575 haecomnia
374 5521 399 5574 in
420 5521 480 5575 aliis
501 5522 648 5578 codicibus.
672 5521 783 5574 Nosuina
808 5523 867 5590 epi·
923 5516 1039 5572 nonibus
1049 5531 1114 5571 suus
1128 5516 1257 5584 cujusque
1272 5513 1363 5568 titulus
1374 5514 1437 5568 hine
1451 5523 1580 5583 repetitus
1593 5517 1712 5586 praetigi-

101 5594 225 5660 tcoporum
244 5591 331 5647 solum
354 5591 380 5645 in
408 5593 563 5659 prelatione
586 5591 719 5659 descripta
740 5601 812 5644 sunt.
837 5591 865 5646 ln
919 5596 971 5641 tur.
984 5587 1066 5642 lidum
1080 5583 1504 5658 legunturinlbusneoaliisque
1518 5585 1709 5644 uetustioribus

101 5653 168 5710 edrns
178 5655 353 5715 Conciliormn
368 5661 510 5730 subjicitur
522 5662 632 5731 episcop
642 5677 708 5715 rrum
728 5662 866 5729 catalogus
918 5657 1067 5715 codicibus.

102 5731 154 5778 cun
167 5731 311 5789 rmrniuibus
327 5734 536 5799 prouinciarum,
556 5748 635 5798 ciuem
658 5731 761 5789 auctori
785 5732 864 5807 bujns
