4000 6175
187 265 238 324 toi
674 258 718 313 tlt
735 252 848 311 orent
870 250 899 309 S.
919 246 1040 307 LEONiS
1058 249 1163 307 litent
1182 250 1361 309 steennntt.
1767 251 1819 309 'top

188 384 227 436 De
240 380 279 434 iris
292 378 335 447 orei
347 394 374 433 se
387 377 419 432 eb
432 374 547 431 Ecclesia
564 371 695 427 retreinnt
715 378 739 425 et
753 366 851 424 ocenite
870 382 977 438 conpre-
992 365 1016 423 tl
1031 367 1194 436 parrociam,
1211 375 1239 423 et
1250 380 1310 437 pom
1323 364 1374 422 snb
1389 365 1445 435 ipsa
1458 362 1591 435 pertinent
1608 362 1676 419 lora.
1693 361 1700 401 ¹
1726 364 1821 437 Singu-

527 452 629 517 9⁰i¹¹¹li·
667 473 668 477 ’
1032 455 1074 512 ios
1088 466 1179 513 sutem
1199 465 1227 514 et
1250 468 1466 527 unumquemque
1483 454 1637 523 episcopum
1663 461 1819 521 potesmmn

224 561 258 618 i.
279 558 386 631 siquis
407 557 564 629 presbyter,
581 559 629 608 aut
649 551 779 608 diaconus
802 558 980 606 contemnens
1031 548 1152 623 habere[
1166 545 1433 621 bepcprrbernandae,
1448 545 1571 616 etsnpple
1590 558 1646 598 suae
1665 543 1820 617 parochiae]

189 669 267 711 sunm
280 652 434 723 episcopum
441 648 606 718 separaverit
617 659 647 701 se
658 645 691 700 ab
706 643 838 709 Ecclesia,
854 653 882 699 et
893 658 982 700 sscre·
1031 638 1386 711 gubernandamsecundom
1395 636 1601 705 uniuscujusque
1610 635 1820 702 reiterationem,

190 748 244 803 tius
256 756 420 814 congregans
435 748 450 778 ⁸
470 738 559 814 [depr
570 737 654 793 ultore
665 742 691 791 et
708 735 830 791 evocanti
843 732 854 807 ]
868 733 980 789 altarem
1032 740 1058 788 et
1072 731 1251 801 provisionem
1262 728 1351 786 lacere
1363 730 1442 785 totins
1453 728 1518 795 loci,
1531 728 1538 778 l
1553 726 1599 798 qni
1609 737 1651 783 est
1660 726 1776 797 subeius
1785 729 1822 783 ei·

190 843 306 900 statuat,
326 842 353 889 et
369 838 497 887 evocante
518 843 580 885 enm
598 828 725 897 episcopo
745 840 799 880 non
818 823 980 890 obaudierit,
1032 821 1125 890 vitate,
1141 819 1221 894 540
1232 830 1261 875 ut
1281 819 1387 875 ordinet
1401 817 1587 891 presbyteros,
1602 817 1782 885 ordinemus,
1797 828 1825 875 et

191 923 205 967 l
224 941 285 983 eum
299 933 326 981 et
341 923 428 994 primo
445 929 473 977 et
486 918 606 977 secundo
620 927 761 975 romntem
775 914 980 985 contempserit,

191 1018 296 1072 noverit
308 1030 338 1070 sc
350 1013 460 1069 omnino
473 1010 624 1082 degradari,
641 1019 667 1066 et
683 1010 843 1067 medicinam
860 1023 913 1063 non
924 1021 983 1063 me-

191 1105 256 1171 reri,
268 1119 355 1173 nenne
367 1117 442 1157 suam
454 1101 610 1171 dignitatern
626 1100 726 1155 trabere
740 1112 829 1169 posse.
843 1096 871 1154 Si
892 1105 982 1153 autem

192 1194 367 1267 permanserit
377 1192 540 1250 conturbans
548 1191 715 1249 etrcsnltans
727 1188 865 1255 Ecclesiae,
877 1199 888 1226 ⁶
900 1187 981 1262 [Sep-

191 1288 233 1355 pte
246 1286 355 1353 debent,
371 1293 395 1339 et
414 1282 469 1356 lepe
480 1278 551 1352 poso]
566 1280 639 1350 qnls
660 1279 725 1336 loris
744 1287 808 1336 sont
819 1285 983 1350 potestates,

192 1380 262 1433 sicut
275 1377 403 1433 rebellem
414 1390 476 1430 eum
488 1374 635 1443 corrigere.

1033 926 1093 968 crim
1102 911 1204 982 judicio
1213 909 1316 982 singula
1332 910 1493 981 perspicere,
1508 906 1559 965 etl
1573 906 1639 964 nibil
1651 907 1725 963 abud
1734 923 1823 980 egere,

1033 1012 1080 1061 sut
1093 1018 1255 1075 presumere
1265 1005 1324 1059 sine
1336 1002 1543 1073 metropolitano
1554 1002 1692 1074 episcopo.
1709 998 1720 1040 ¹
1736 1010 1764 1058 ct
1775 1017 1825 1059 nec

1034 1095 1084 1166 ipsi
1099 1095 1178 1150 liceat
1191 1095 1251 1149 sinc
1262 1094 1369 1150 coetcris
1382 1095 1409 1149 in
1422 1093 1549 1149 concilio.

1197 1183 1236 1239 De
1250 1184 1290 1239 bis
1300 1186 1344 1256 qni
1358 1193 1479 1238 nocentur
1497 1182 1655 1252 corepiscopi

1070 1277 1105 1333 X.
1119 1277 1170 1346 Qut
1178 1277 1205 1334 in
1217 1277 1283 1332 loris
1292 1287 1337 1331 ont
1347 1276 1412 1332 sicis
1423 1284 1486 1332 sunt
1495 1275 1633 1332 constituti
1644 1274 1826 1344 corepiscopi,

1035 1383 1089 1422 non
1110 1368 1228 1422 audeant
1247 1381 1343 1422 manus
1366 1367 1504 1437 imponere
1522 1364 1609 1421 ordini
1633 1366 1754 1432 eoique:
1780 1368 1827 1421 sed

192 1470 273 1542 539
295 1468 334 1522 lie
353 1467 392 1521 tris
413 1466 458 1538 pei
477 1463 733 1519 ecconrmnnienntar
746 1458 892 1517 elensi-sel
911 1460 983 1515 isici.
1036 1459 1136 1530 placuit
1150 1469 1170 1497 ¹¹¹
1183 1468 1283 1515 sanctte
1297 1457 1400 1530 synodo
1419 1458 1491 1513 circa
1511 1473 1559 1513 eos
1580 1472 1656 1513 stram
1672 1472 1828 1513 snensurnm

227 1560 272 1617 tt.
293 1559 322 1614 Si
341 1559 401 1629 quis
421 1572 436 1612 a
461 1556 569 1627 proprio
585 1556 713 1623 episcopo
736 1552 987 1609 excommunimtus
1037 1550 1149 1624 [Seppte
1162 1561 1267 1616 tenere,
1278 1549 1316 1623 et]
1329 1551 1479 1620 gnbernare
1491 1549 1503 1623 [
1514 1548 1582 1620 depe
1594 1548 1666 1622 pure]
1678 1549 1724 1619 nui
1737 1550 1830 1620 subja·

193 1650 283 1717 inerit,
295 1666 348 1705 nnn
360 1644 983 1715 cumdebereobaliosuscipiincommuuione,
1036 1643 1162 1710 centeis,
1183 1642 1328 1711 Ecclesiae,
1342 1650 1371 1696 et
1390 1656 1484 1696 eorum
1505 1639 1629 1696 stribeere
1652 1640 1830 1695 sollicitudini

194 1741 216 1796 si
229 1756 282 1796 non
300 1740 387 1809 primo
408 1754 470 1794 eum
490 1735 658 1793 revocaverit
682 1735 806 1806 proprius
830 1737 984 1808 episcopus,
999 1731 1065 1793 Bet
1092 1733 1232 1804 jubamini.
1260 1733 1434 1788 Constituere
1461 1740 1551 1787 autem
1577 1731 1781 1797 orniciacum,
1805 1740 1831 1785 ct

194 1839 242 1885 aut
252 1832 278 1885 in
290 1830 396 1902 synodo
410 1844 555 1884 occurrens
570 1826 728 1893 sntislacint,
740 1836 767 1882 et
783 1829 921 1898 agnouerit
940 1842 984 1898 sy·

195 1921 291 1989 nodos,
304 1903 386 1977 'cama
398 1918 458 1989 eins
469 1918 639 1988 suscipiatur,
651 1913 723 1972 auti
738 1919 761 1973 si
781 1917 817 1973 de
835 1932 868 1974 eo
887 1932 983 1973 secon-

195 2012 255 2066 dom
268 2011 427 2066 senitentiam
439 2009 566 2066 dixerint.
582 2006 726 2064 Dednitutn
739 2017 781 2064 est
797 2017 809 2046 ⁸
826 2009 853 2064 in
862 2021 895 2063 eo
909 2011 985 2087 insti-

196 2112 280 2159 toturn
296 2103 330 2159 de
342 2103 425 2168 iaicis,
441 2102 618 2174 presbyteris,
633 2110 660 2158 et
675 2101 850 2168 diaconibus,
865 2100 942 2176 [depe
957 2110 984 2158 ct

195 2190 343 2263 omuibus]
361 2182 515 2261 stolones,
534 2193 579 2263 qui
598 2202 661 2248 sunt
678 2191 706 2248 in
728 2205 845 2259 eannrte,
867 2191 986 2263 itajudi·

195 2284 304 2341 candos.

451 2373 490 2432 De
501 2375 594 2430 darete
605 2376 732 2448 epistolis.

232 2465 287 2525 vll.
302 2466 337 2523 llt
351 2478 405 2520 non
419 2465 499 2520 liceat
511 2466 686 2538 presbytero,
700 2463 750 2535 'qui
766 2463 893 2537 [lepesin
913 2464 982 2532 loco,

195 2555 325 2613 eeGreco
340 2556 366 2610 in
381 2553 466 2627 ponpis]
480 2556 506 2611 in
520 2556 607 2611 locum
623 2565 680 2621 est,
691 2555 835 2612 morositas
855 2554 985 2626 epistulas

196 2649 271 2716 dure,
285 2648 335 2704 nisi
345 2646 433 2704 solnm
446 2648 480 2704 etl
494 2648 597 2704 ricinos
611 2649 753 2720 episcopos
771 2649 902 2721 epistulas
920 2650 986 2706 diri·

196 2757 268 2812 perc.
283 2742 540 2813 inreprehensibiles
554 2751 643 2797 antem
659 2742 849 2815 corepiscopos
862 2742 927 2799 dare
939 2758 985 2815 pu·

197 2834 297 2890 cidens.

358 2926 394 2982 ile
404 2942 454 2981 non
464 2925 631 2995 suscipiendis
642 2925 783 2997 pereprinis
798 2922 820 2980 ².

234 3016 302 3073 illll.
316 3016 424 3087 Nullum
438 3016 497 3072 sine
520 3015 633 3070 inrrnata
647 3018 786 3086 suscipere
806 3014 985 3086 peregrinum.

1035 1825 1194 1892 exorcistis,
1209 1835 1236 1881 et
1250 1825 1375 1889 lectores,
1389 1835 1523 1879 eteorum
1542 1822 1669 1880 srrldecre
1679 1823 1832 1894 prosectio-

1036 1916 1080 1984 ni,
1104 1925 1131 1971 et
1152 1930 1239 1984 neque
1262 1915 1449 1987 presbyterum
1470 1922 1517 1969 aut
1541 1914 1682 1971 diaconum
1705 1914 1833 1972 ordinare

1035 2014 1202 2079 presumant
1216 2006 1275 2062 sine
1285 2005 1401 2062 civitatis
1414 2007 1552 2077 episcopo,
1567 2005 1611 2061 cui
1626 2005 1747 2075 subjacet
1762 2007 1831 2076 ipse,

1036 2107 1064 2154 et
1083 2097 1142 2153 loco
1157 2095 1226 2167 ipsa.
1242 2095 1272 2152 Si
1293 2109 1357 2151 sero
1376 2097 1548 2164 temptaverit
1562 2097 1659 2166 alionis
1680 2097 1832 2167 transgredi

1036 2189 1145 2245 Petrum
1165 2186 1329 2252 constituta,
1350 2186 1490 2257 depredari
1510 2201 1571 2241 enm
1594 2189 1628 2243 ab
1652 2191 1757 2243 lionore
1781 2204 1833 2259 prro

1037 2284 1168 2355 iungitur,
1184 2292 1212 2339 ct
1235 2284 1473 2354 excorepiscopum
1497 2283 1566 2350 lieri,
1586 2293 1646 2339 cte
1669 2282 1792 2349 ciuitate,
1807 2283 1833 2337 iu

1037 2391 1088 2448 qua
1104 2375 1202 2441 isserat,
1218 2384 1232 2413 ὓ
1249 2375 1329 2432 abici.

1139 2466 1177 2523 De
1191 2467 1230 2523 bis
1242 2469 1286 2537 qui
1297 2468 1366 2537 opud
1380 2469 1558 2537 imperatorem
1571 2470 1728 2541 supplicent.

1075 2559 1119 2615 ttt.
1134 2558 1163 2616 Si
1177 2558 1236 2629 nnis
1250 2558 1403 2629 episcopus,
1417 2560 1624 2631 conpresbyter,
1639 2569 1684 2616 snt
1698 2561 1721 2617 si
1736 2564 1787 2633 qrsi
1801 2563 1834 2619 rie

1037 2665 1141 2709 conone
1156 2651 1215 2707 sine
1228 2649 1391 2706 conscientia
1412 2657 1457 2704 aut
1477 2650 1565 2724 [cepe
1579 2651 1696 2724 litteris]
1715 2652 1832 2721 litteras,

1037 2743 1081 2813 qrri
1095 2741 1123 2797 in
1137 2741 1273 2812 pmtincia
1287 2750 1350 2795 sunt
1369 2742 1502 2811 episcopi,
1520 2750 1548 2798 et
1557 2743 1674 2799 strasime
1689 2752 1832 2815 metropo-

1037 2834 1123 2899 litani,
1139 2841 1232 2903 perpet
1247 2831 1281 2887 ad
1293 2832 1484 2901 imperatorem
1494 2849 1501 2898 ;
1513 2832 1585 2888 bunc
1598 2833 1732 2890 diffamari
1745 2846 1775 2892 et
1788 2853 1835 2893 ex·

1038 2925 1100 2995 pelli
1116 2939 1168 2979 non
1182 2924 1268 2979 solum
1280 2938 1296 2978 s
1308 2922 1508 2989 cummunione,
1520 2922 1567 2978 sed
1583 2925 1664 2979 etiam
1681 2933 1694 2961 ⁰
1715 2926 1834 2996 dignita·

1039 3026 1157 3088 temque
1182 3016 1301 3088 irrupitnr
1325 3015 1445 3082 amittat,
1473 3018 1675 3088 propterquod
1699 3020 1834 3077 rrrrrtestus

284 3108 322 3165 be
333 3109 535 3182 metropolitanis
548 3109 745 3178 uniuscnjusque
758 3110 903 3178 maniacis.
1000 3099 1025 3163 C
1039 3110 1140 3165 exstitit
1152 3107 1278 3179 piissimis
1291 3107 1497 3175 imperatoribus
1511 3109 1611 3166 nostris
1624 3119 1701 3165 extra
1714 3110 1834 3183 disposi-

234 3198 280 3254 tx.
294 3208 309 3248 s
321 3198 533 3269 Uniuscujosque
544 3197 688 3266 prouinciae
699 3195 828 3253 debemus
839 3213 987 3269 agnoscere
1039 3203 1140 3259 nortem
1162 3199 1300 3255 Ecclesiec.
1325 3198 1353 3255 Si
1375 3205 1464 3254 eutem
1480 3201 1635 3256 necessario
1655 3214 1789 3258 evocatus
1801 3205 1833 3257 ad

198 3290 433 3362 metropolitanos,
447 3299 475 3346 et
488 3304 604 3360 preesse
616 3288 764 3358 episcopis,
780 3300 808 3344 et
827 3290 987 3346 sollicitudi·
1040 3296 1242 3366 imperatorem,
1257 3289 1379 3364 [supple
1394 3289 1666 3357 incondemnatam,
1677 3292 1718 3347 oei
1732 3294 1833 3363 etiuuid

198 3398 260 3439 nem
276 3383 413 3452 suscipere
428 3380 510 3437 totius
524 3381 681 3452 provincias,
696 3395 745 3452 pro
759 3395 792 3436 eo
805 3381 876 3452 qnod
890 3382 916 3436 in
933 3396 988 3439 nte
1038 3381 1132 3458 simite]
1142 3383 1231 3450 eundi,
1248 3391 1275 3438 et
1287 3380 1339 3436 boc
1351 3396 1411 3436 cum
1425 3390 1539 3437 tractatu
1553 3391 1581 3438 et
1595 3385 1765 3440 conscicntia
1777 3400 1835 3441 stre·

198 3472 324 3543 tropolim
337 3471 623 3543 undiquecnncorrunt
643 3485 746 3537 omnes,
764 3473 809 3542 qui
831 3485 927 3527 caussas
937 3472 987 3528 tra·
1039 3476 1192 3549 tropolitmi
1208 3473 1351 3544 prouinciae
1371 3473 1507 3545 episcopi,
1524 3484 1578 3530 eet
1588 3490 1685 3555 ¹eorum
1699 3476 1746 3535 oui
1762 3478 1791 3533 iu
1803 3494 1834 3534 es

200 3561 264 3619 bcnt
277 3582 284 3619 ι
299 3562 369 3617 unde
384 3562 483 3632 placuit
500 3570 530 3616 ut
544 3560 645 3616 bonore
661 3571 860 3631 preponantur,
880 3570 908 3618 et
922 3563 988 3620 nibil
1038 3577 1111 3632 snut,
1126 3574 1154 3622 et
1169 3579 1262 3621 eurum
1277 3563 1385 3618 scribtis
1398 3563 1494 3619 instrui
1509 3563 1616 3621 debent.

199 3668 278 3724 spere
292 3643 351 3722 pins
371 3652 471 3723 aliquid
491 3652 573 3707 l'ccot
589 3651 695 3706 suteris
708 3653 842 3721 episcopis
857 3654 915 3709 sine
930 3655 988 3724 ipso
1120 3655 1207 3711 Deliis
1219 3654 1264 3725 eni
1277 3652 1411 3728 depredati
1426 3654 1575 3727 imperatori
1590 3656 1747 3726 supplicent.

201 3741 376 3800 ltsecondum
391 3743 528 3812 antinoum
544 3757 558 3796 a
574 3742 697 3797 Patribus
720 3743 820 3797 rsostris
835 3754 989 3803 morientem
1078 3749 1136 3806 xil.
1148 3748 1177 3806 Si
1191 3747 1251 3816 nnis
1261 3761 1276 3801 a
1286 3746 1396 3816 proprio
1406 3749 1533 3817 episcopo
1547 3747 1708 3818 depredatus
1722 3752 1833 3824 presby·

201 3847 349 3899 enormem,
358 3833 408 3888 nisi
425 3834 475 3890 boc
488 3833 576 3890 solum
592 3840 719 3904 qnantum
731 3834 862 3906 cujusque
874 3840 991 3907 pertinet
1043 3852 1084 3899 ter
1094 3849 1140 3896 aut
1149 3840 1290 3903 diaconos.
1304 3847 1351 3894 snt
1362 3838 1386 3893 si
1399 3839 1542 3909 episcopus
1552 3850 1565 3889 s
1576 3854 1592 3894 s
1604 3841 1719 3913 synodo,
1733 3851 1764 3898 ct
1779 3858 1836 3898 mo-

238 3974 324 4029 ·llnt.
343 3973 425 4038 toti,
441 3976 558 4029 sitnon.
575 3973 633 4028 lion
649 3971 727 4036 Luc,
743 3982 766 4026 et
789 3984 919 4031 nocentem
933 3980 988 4050 ept-
1043 3977 1142 4045 icrunt,
1157 3974 1263 4030 bustelli
1278 3975 1363 4031 codex
1377 3972 1506 4030 mendene
1517 3985 1677 4030 commeat.

202 4062 318 4111 scopum.
340 4046 502 4113 Scripsirnus
529 4044 670 4096 obaudierit
693 4057 754 4095 curn
783 4044 868 4098 tribus
888 4050 988 4104 nostris
1077 4045 1187 4110 hinet,
1202 4047 1340 4099 secundem
1351 4045 1514 4110 erimusne
1530 4044 1652 4099 Patribus
1663 4046 1762 4101 amris
1778 4064 1837 4100 stro·

203 4115 282 4173 codd.
294 4115 370 4184 Apud
384 4114 464 4179 inst,
476 4113 596 4166 audien.
613 4112 671 4166 Vnt.
689 4111 755 4181 Reg.
773 4123 831 4181 post
842 4117 987 4172 obaudierit
1042 4134 1104 4173 oeus
1119 4130 1249 4169 cononem.
1264 4115 1354 4169 Nostri
1367 4113 1447 4168 codd.
1470 4113 1685 4170 emettdntioncm
1706 4119 1838 4186 suppedi-

204 4186 278 4241 sddit
293 4188 316 4240 ei
329 4186 469 4259 subjecere,
484 4181 656 4245 recolentem
675 4181 719 4235 ubi
732 4182 909 4252 supplendum
926 4203 987 4244 cum
1043 4197 1142 4241 terunt.
1159 4184 1224 4239 bein
1236 4184 1284 4238 snb
1297 4186 1353 4254 ipso
1367 4183 1525 4254 scripsimus
1543 4199 1603 4239 curn
1618 4195 1670 4239 ms.
1689 4187 1753 4243 Vnt.
1768 4188 1834 4257 Rep.

203 4255 311 4321 coerce,
330 4271 375 4311 nec
389 4255 448 4309 nette
462 4255 484 4307 ei
497 4254 635 4323 subjecere,
648 4262 700 4305 ete.
1042 4259 1106 4322 App,
1120 4256 1167 4309 ,ni
1178 4256 1244 4322 ipso.

239 4326 385 4381 bltncorld.
400 4326 458 4378 tat.
471 4333 496 4379 et
511 4323 575 4376 Luc.
590 4321 664 4391 llpnd
675 4321 757 4390 inst„
769 4340 836 4378 cnm.
848 4325 907 4381 i'at.
919 4327 985 4400 Rep.
1080 4325 1089 4364 ἰ
1105 4328 1141 4380 lta
1156 4337 1209 4379 mo.
1226 4323 1284 4379 Vnt.
1301 4322 1382 4378 toli.
1394 4321 1471 4392 Apud
1483 4324 1566 4388 lust..
1581 4324 1708 4392 sinpstss.

203 4405 231 4452 et
240 4411 307 4460 enm,
318 4405 408 4450 etcum
421 4394 524 4461 ignorat
536 4409 542 4445 :
554 4399 582 4446 et
593 4402 652 4458 post
662 4407 744 4461 penca
757 4395 908 4461 proiciere
921 4414 991 4467 prm·
1005 4402 1032 4464 1)
1080 4401 1087 4449 l
1105 4397 1175 4453 inst.
1189 4411 1249 4448 rurn
1261 4407 1325 4449 mss.
1339 4392 1403 4448 Luc.
1419 4404 1446 4448 et
1458 4393 1529 4451 Vnt..
1541 4395 1586 4461 pei
1599 4408 1668 4450 sent.
1682 4397 1780 4451 listins
1792 4413 1838 4448 no-

206 4467 256 4522 iert
268 4467 391 4533 occipere.
411 4463 479 4520 Dein
499 4478 532 4517 es
548 4466 642 4518 codem
667 4464 725 4519 ilat.
760 4465 825 4536 lleg.
845 4469 992 4538 arljecisnns
1045 4479 1103 4524 ster
1114 4466 1176 4522 cod.
1189 4464 1248 4518 vat.
1258 4465 1345 4588 litote,
1359 4465 1461 4535 petest
1477 4465 1544 4520 bein
1558 4467 1702 4535 prospicere
1716 4483 1768 4538 pro
1782 4483 1839 4536 per·

204 4547 298 4592 notem.
1044 4536 1177 4593 sicerein
1193 4550 1243 4588 ms.
1281 4549 1324 4589 tto,

243 4605 331 4661 tlost.
346 4602 672 4672 conscindentium
699 4606 992 4676 otestntesorisssnt,in
1058 4557 1096 4645 pk
1111 4607 1156 4662 Sic
1174 4619 1236 4659 cnm
1262 4619 1313 4660 ms.
1335 4604 1394 4659 l'at.
1413 4604 1479 4668 llere.
1495 4604 1569 4672 spuo
1592 4602 1664 4662 lust.
1684 4617 1714 4664 et
1736 4609 1764 4662 in
1779 4608 1840 4662 otiis

206 4675 312 4730 arbitrio
334 4686 371 4730 est
393 4676 504 4746 episcopi
526 4676 592 4728 sicet
606 4621 739 4739 reietssm,
763 4687 814 4730 etc.
830 4676 907 4741 bric,
932 4678 991 4745 qnia
1045 4676 1138 4739 codd,
1152 4674 1218 4728 tritril
1231 4673 1321 4739 oltins,
1340 4674 1535 4729 iorreniterins.

206 4753 293 4798 saneto
312 4753 444 4814 potestate,
457 4754 522 4810 etc,
536 4742 642 4811 ntapud
657 4742 727 4797 lust.
743 4744 838 4800 Graes
852 4747 992 4803 cobseren-
1084 4745 1092 4784 ¹
1108 4746 1175 4800 Cod.
1193 4744 1252 4798 ilat.
1268 4743 1350 4814 Rep„
1363 4754 1386 4797 et
1400 4759 1446 4798 nec
1460 4744 1545 4812 ipsum
1561 4742 1617 4797 sine
1635 4740 1735 4796 certeris
1753 4749 1840 4801 coner.

205 4814 258 4869 tior
271 4821 311 4867 est
325 4816 503 4883 lectioonem
516 4828 549 4867 es
562 4827 611 4865 ms.
629 4812 687 4866 iat.
699 4810 766 4883 Reg.
779 4816 940 4884 recepimus.
1047 4817 1122 4879 lium,
1145 4824 1277 4881 corrnpte
1298 4831 1305 4866 z
1332 4816 1376 4868 ubi
1403 4812 1544 4883 legendum
1571 4811 1753 4880 cubmreutins
1777 4831 1840 4871 curn

243 4880 256 4920 ‘¹
270 4882 338 4938 Cod.
353 4882 413 4936 ilat.
425 4885 491 4952 llep.
504 4882 576 4936 delet
589 4882 621 4935 si.
1049 4886 1145 4942 Graeco
1158 4885 1270 4952 ollisque
1280 4884 1459 4949 versionibus,
1471 4891 1495 4936 et
1510 4898 1555 4935 nee
1567 4882 1650 4949 ipsein
1662 4880 1840 4950 (eutranditur

243 4952 355 5018 cluss..
372 4953 399 5007 iss
418 4951 585 5007 constitutum
601 4952 652 5005 sine
668 4952 767 5018 laicus,
791 4952 828 5006 oei
852 4953 992 5023 presbyter,
1048 4956 1210 5010 antecedens
1223 4953 1334 5008 semrom
1347 4952 1432 5023 opere)
1448 4954 1503 5007 sine
1515 4962 1665 5007 reterorssn
1678 4953 1800 5008 condio.

204 5034 251 5078 sint
261 5024 384 5078 dissensu
395 5023 440 5088 eit,
450 5033 474 5078 et
482 5036 578 5083 omnes,
589 5029 642 5078 etc.
653 5020 744 5078 Secuti
754 5037 846 5078 sumus
857 5025 918 5078 rori.
934 5024 992 5079 Vnt.
1083 5034 1104 5062 ¹¹
1117 5025 1154 5078 lta
1162 5023 1223 5077 end.
1236 5022 1296 5077 Vnt.
1314 5022 1379 5091 tter.
1389 5023 1466 5091 Apud
1474 5021 1557 5086 lust,
1565 5024 1759 5091 esenospnono
1770 5026 1843 5078 circs

207 5095 274 5165 lleg.
301 5093 358 5148 Duo
381 5107 487 5163 quoqne
507 5090 586 5146 codd.
613 5090 672 5147 Vel.
697 5091 765 5148 1342
787 5105 814 5149 ct
836 5093 901 5148 err.
927 5095 995 5150 lrartc
1049 5092 1840 5163 eosmenrneumrenerpsicmnionen,permisceat,etc.

204 5162 421 5220 emendationem
435 5160 611 5230 comprobant
623 5175 632 5216 t
645 5162 824 5219 bnbmstenirn
837 5166 865 5218 in
879 5180 907 5218 en
920 5166 994 5219 inuti·
1085 5174 1098 5202 ¹¹
1114 5163 1179 5217 (bd.
1197 5161 1273 5228 Luc..
1287 5163 1417 5233 elipsim.

206 5245 302 5300 tutem,
319 5244 346 5291 et
355 5235 482 5290 omittunt
490 5234 535 5287 sit.
858 5295 864 5310 Ι
1086 5232 1182 5288 ⁰lust.
1198 5231 1291 5288 inserit
1303 5243 1344 5293 et:
1355 5232 1502 5286 delevimus
1513 5246 1573 5285 cnm
1584 5246 1634 5285 ms.
1651 5230 1716 5285 Luc

243 5303 334 5361 ‘lust
348 5304 422 5359 addit
434 5302 532 5358 clericis
547 5301 715 5358 :delevimus
727 5317 787 5358 cunt
802 5305 901 5358 nomia
922 5304 996 5360 codi-
1084 5314 1099 5354 e
1113 5304 1196 5368 inst,
1211 5318 1273 5363 tus..
1291 5312 1335 5356 not
1346 5317 1444 5365 eorem,
1456 5303 1501 5370 spei
1513 5303 1539 5354 irs
1552 5317 1583 5354 ea
1593 5311 1651 5355 scut
1662 5302 1771 5364 scribtis,
1787 5310 1840 5356 etc.

206 5374 294 5439 cibus,
314 5375 410 5430 Gracco
436 5383 510 5429 textu
525 5374 639 5444 alilsqnc
657 5372 826 5431 sessionibus
846 5374 996 5445 striiragsn-
1049 5373 1220 5429 Praetulinnrs
1233 5373 1375 5428 lectionem
1389 5373 1469 5425 codd.
1482 5370 1541 5424 list.
1557 5370 1623 5440 Μ.
1639 5380 1665 5424 αι
1678 5371 1741 5425 bue

208 5444 289 5498 tibus.
1084 5454 1098 5493 s
1112 5442 1195 5500 lust..
1209 5460 1225 5495 u
1238 5452 1330 5495 ceneto
1342 5442 1457 5510 synodo,·
1477 5450 1505 5493 et
1515 5441 1596 5501 dein,
1612 5440 1689 5493 etiosa
1709 5441 1841 5494 nniomm

244 5514 307 5569 tilta
320 5512 379 5570 tn.
394 5511 472 5568 tois.
488 5514 562 5581 noun
581 5513 662 5569 lust..
686 5513 756 5578 Quos
772 5511 854 5584 (torto
873 5511 939 5582 Nos)
952 5530 996 5578 per
1049 5515 1076 5565 in
1087 5512 1223 5566 universali
1236 5513 1343 5581 spendo.
1359 5511 1443 5564 Voces
1454 5521 1547 5564 cuncto
1557 5520 1585 5564 ct
1602 5511 1730 5564 soresmos
1746 5511 1841 5563 excin-

209 5583 350 5637 nnioersom
364 5583 520 5649 prouinciam
533 5583 621 5653 (cle,
645 5583 794 5647 Ecclesium,
812 5584 893 5648 rustici
916 5584 995 5638 dede·
1048 5584 1132 5637 sisnos
1148 5597 1210 5635 curn
1230 5598 1282 5635 rsrs.
1301 5582 1360 5636 ilat.
1378 5581 1454 5647 ttae..
1474 5581 1519 5648 oui
1540 5596 1587 5649 pro
1609 5581 1704 5647 {saint
1717 5581 1749 5632 od
1764 5594 1840 5633 nares

211 5666 279 5719 nens,
293 5662 344 5706 cte.
356 5653 415 5707 llos
425 5667 473 5720 pro
484 5664 644 5723 concurrunt,
657 5652 727 5720 pund
738 5654 821 5708 nostri
836 5653 914 5709 codd.
928 5667 996 5725 pns-
1050 5652 1129 5708 lrnbct
1142 5651 1301 5707 temtnncrint
1313 5668 1398 5705 cures.
