<?xml version="1.0" encoding="UTF-8"?>
<!DOCTYPE html PUBLIC "-//W3C//DTD XHTML 1.0 Transitional//EN"
    "http://www.w3.org/TR/xhtml1/DTD/xhtml1-transitional.dtd">
<html xmlns="http://www.w3.org/1999/xhtml" xml:lang="en" lang="en">
 <head>
  <title>
</title>
<meta http-equiv="Content-Type" content="text/html;charset=utf-8" />
  <meta name='ocr-system' content='tesseract 3.04.00' />
  <meta name='ocr-capabilities' content='ocr_page ocr_carea ocr_par ocr_line ocrx_word'/>
</head>
<body>
  <div class='ocr_page' id='page_1' title='image "./patrologiaecurs181unkngoog_0466.png"; bbox 0 0 4000 6175; ppageno 0'>
   <div class='ocr_carea' id='block_1_1' title="bbox 222 527 234 623">
    <p class='ocr_par' dir='ltr' id='par_1_1' title="bbox 222 527 234 623">
     <span class='ocr_line' id='line_1_1' title="bbox 222 527 234 623; baseline 0 0"><span class='ocrx_word' id='word_1_1' title='bbox 222 527 234 623; x_wconf 87' lang='lat' dir='ltr'><strong>i</strong></span> 
     </span>
    </p>
   </div>
   <div class='ocr_carea' id='block_1_2' title="bbox 278 234 1955 337">
    <p class='ocr_par' dir='ltr' id='par_1_2' title="bbox 278 234 1955 337">
     <span class='ocr_line' id='line_1_2' title="bbox 278 234 1955 337; baseline 0.004 -7"><span class='ocrx_word' id='word_1_2' title='bbox 278 270 312 333; x_wconf 86' lang='lat' dir='ltr'><strong>rs</strong></span> <span class='ocrx_word' id='word_1_3' title='bbox 727 273 771 333; x_wconf 86' lang='lat' dir='ltr'><strong>an</strong></span> <span class='ocrx_word' id='word_1_4' title='bbox 790 271 904 331; x_wconf 78' lang='lat' dir='ltr'><strong>oreas</strong></span> <span class='ocrx_word' id='word_1_5' title='bbox 922 271 951 331; x_wconf 89' lang='lat' dir='ltr'><strong>s.</strong></span> <span class='ocrx_word' id='word_1_6' title='bbox 972 272 1096 331; x_wconf 81' lang='lat' dir='ltr'><strong>seems</strong></span> <span class='ocrx_word' id='word_1_7' title='bbox 1113 272 1222 333; x_wconf 80' lang='lat' dir='ltr'><strong>uacat</strong></span> <span class='ocrx_word' id='word_1_8' title='bbox 1239 244 1420 337; x_wconf 73' lang='lat' dir='ltr'><strong>amenus</strong></span> <span class='ocrx_word' id='word_1_9' title='bbox 1829 277 1875 336; x_wconf 82' lang='grc' dir='ltr'><strong>ιιι</strong></span> <span class='ocrx_word' id='word_1_10' title='bbox 1954 234 1955 269; x_wconf 57' lang='lat'>‘</span> 
     </span>
    </p>
   </div>
   <div class='ocr_carea' id='block_1_3' title="bbox 260 363 1876 671">
    <p class='ocr_par' dir='ltr' id='par_1_3' title="bbox 260 363 1876 671">
     <span class='ocr_line' id='line_1_3' title="bbox 260 363 1876 469; baseline -0.002 -25"><span class='ocrx_word' id='word_1_11' title='bbox 260 387 349 445; x_wconf 76' lang='lat' dir='ltr'><strong>clesiae</strong></span> <span class='ocrx_word' id='word_1_12' title='bbox 367 388 495 446; x_wconf 77' lang='lat' dir='ltr'><strong>Romanae</strong></span> <span class='ocrx_word' id='word_1_13' title='bbox 514 388 649 460; x_wconf 78' lang='lat' dir='ltr'><strong>prpriimt</strong></span> <span class='ocrx_word' id='word_1_14' title='bbox 664 384 763 445; x_wconf 73' lang='lat' dir='ltr'><strong>iudicet</strong></span> <span class='ocrx_word' id='word_1_15' title='bbox 782 404 789 442; x_wconf 92' lang='lat'><strong>:</strong></span> <span class='ocrx_word' id='word_1_16' title='bbox 806 363 873 442; x_wconf 82' lang='lat' dir='ltr'><strong>aiibil</strong></span> <span class='ocrx_word' id='word_1_17' title='bbox 887 392 997 469; x_wconf 79' lang='lat' dir='ltr'><strong>econtra</strong></span> <span class='ocrx_word' id='word_1_18' title='bbox 1019 386 1085 450; x_wconf 66' lang='lat' dir='ltr'><strong>lna</strong></span> <span class='ocrx_word' id='word_1_19' title='bbox 1099 388 1182 455; x_wconf 86' lang='lat' dir='ltr'><strong>tibus,</strong></span> <span class='ocrx_word' id='word_1_20' title='bbox 1195 402 1256 444; x_wconf 92' lang='lat' dir='ltr'><strong>cum</strong></span> <span class='ocrx_word' id='word_1_21' title='bbox 1267 387 1294 443; x_wconf 90' lang='lat' dir='ltr'><strong>iu</strong></span> <span class='ocrx_word' id='word_1_22' title='bbox 1309 386 1421 458; x_wconf 89' lang='lat' dir='ltr'><strong>epistola</strong></span> <span class='ocrx_word' id='word_1_23' title='bbox 1436 383 1552 469; x_wconf 75' lang='lat' dir='ltr'><strong>Romani</strong></span> <span class='ocrx_word' id='word_1_24' title='bbox 1572 385 1706 457; x_wconf 84' lang='lat' dir='ltr'><strong>pontidcrs</strong></span> <span class='ocrx_word' id='word_1_25' title='bbox 1725 383 1818 453; x_wconf 87' lang='lat' dir='ltr'><strong>aliquid</strong></span> <span class='ocrx_word' id='word_1_26' title='bbox 1835 387 1876 445; x_wconf 88' lang='lat' dir='ltr'><strong>ad·</strong></span> 
     </span>
     <span class='ocr_line' id='line_1_4' title="bbox 260 455 1876 543; baseline 0 -30"><span class='ocrx_word' id='word_1_27' title='bbox 260 457 415 527; x_wconf 79' lang='lat' dir='ltr'><strong>prelatione</strong></span> <span class='ocrx_word' id='word_1_28' title='bbox 428 461 515 517; x_wconf 89' lang='lat' dir='ltr'><strong>clucet</strong></span> <span class='ocrx_word' id='word_1_29' title='bbox 528 459 599 529; x_wconf 92' lang='lat' dir='ltr'><strong>quod</strong></span> <span class='ocrx_word' id='word_1_30' title='bbox 614 472 673 515; x_wconf 85' lang='lat' dir='ltr'><strong>earu</strong></span> <span class='ocrx_word' id='word_1_31' title='bbox 691 471 744 513; x_wconf 91' lang='lat' dir='ltr'><strong>nou</strong></span> <span class='ocrx_word' id='word_1_32' title='bbox 762 458 860 513; x_wconf 89' lang='lat' dir='ltr'><strong>clamet</strong></span> <span class='ocrx_word' id='word_1_33' title='bbox 882 456 968 513; x_wconf 88' lang='lat' dir='ltr'><strong>codtct</strong></span> <span class='ocrx_word' id='word_1_34' title='bbox 989 455 1045 513; x_wconf 84' lang='lat' dir='ltr'><strong>ile·</strong></span> <span class='ocrx_word' id='word_1_35' title='bbox 1100 459 1343 543; x_wconf 23' lang='lat' dir='ltr'><strong>debantsqaodtad</strong></span> <span class='ocrx_word' id='word_1_36' title='bbox 1357 459 1416 529; x_wconf 79' lang='lat' dir='ltr'><strong>cius</strong></span> <span class='ocrx_word' id='word_1_37' title='bbox 1426 456 1633 542; x_wconf 81' lang='lat' dir='ltr'><strong>illustrationem</strong></span> <span class='ocrx_word' id='word_1_38' title='bbox 1647 464 1761 512; x_wconf 78' lang='lat' dir='ltr'><strong>taceret</strong></span> <span class='ocrx_word' id='word_1_39' title='bbox 1775 457 1826 513; x_wconf 80' lang='lat' dir='ltr'><strong>lise</strong></span> <span class='ocrx_word' id='word_1_40' title='bbox 1841 468 1876 514; x_wconf 86' lang='lat' dir='ltr'><strong>rs·</strong></span> 
     </span>
     <span class='ocr_line' id='line_1_5' title="bbox 262 524 1875 671; baseline 0 -16"><span class='ocrx_word' id='word_1_41' title='bbox 262 542 516 671; x_wconf 47' lang='lat' dir='ltr'><strong>n13e012p33s33;3</strong></span> <span class='ocrx_word' id='word_1_42' title='bbox 530 613 585 655; x_wconf 93' lang='lat' dir='ltr'><strong>non</strong></span> <span class='ocrx_word' id='word_1_43' title='bbox 595 612 656 654; x_wconf 85' lang='lat' dir='ltr'><strong>esse</strong></span> <span class='ocrx_word' id='word_1_44' title='bbox 669 597 839 655; x_wconf 89' lang='lat' dir='ltr'><strong>maaiicstum</strong></span> <span class='ocrx_word' id='word_1_45' title='bbox 852 605 892 653; x_wconf 89' lang='lat' dir='ltr'><strong>cst</strong></span> <span class='ocrx_word' id='word_1_46' title='bbox 902 611 936 653; x_wconf 83' lang='lat' dir='ltr'><strong>es</strong></span> <span class='ocrx_word' id='word_1_47' title='bbox 946 596 1046 655; x_wconf 78' lang='lat' dir='ltr'><strong>delusi</strong></span> <span class='ocrx_word' id='word_1_48' title='bbox 1099 524 1875 670; x_wconf 34' lang='lat' dir='ltr'><strong>man1¹3·muidneaithirls&#39;raedritliiooncffltoratg.&#39;driaatiailiuqlsareprotlze&#39;·¹</strong></span> 
     </span>
    </p>
   </div>
   <div class='ocr_carea' id='block_1_4' title="bbox 232 668 1874 743">
    <p class='ocr_par' dir='ltr' id='par_1_4' title="bbox 232 668 1874 743">
     <span class='ocr_line' id='line_1_6' title="bbox 232 668 1874 743; baseline 0.001 -20"><span class='ocrx_word' id='word_1_49' title='bbox 232 670 234 677; x_wconf 89' lang='lat'>&#39;</span> <span class='ocrx_word' id='word_1_50' title='bbox 255 684 333 739; x_wconf 77' lang='lat' dir='ltr'><strong>pape</strong></span> <span class='ocrx_word' id='word_1_51' title='bbox 347 670 458 727; x_wconf 86' lang='lat' dir='ltr'><strong>decreto</strong></span> <span class='ocrx_word' id='word_1_52' title='bbox 480 671 514 727; x_wconf 89' lang='lat' dir='ltr'><strong>de</strong></span> <span class='ocrx_word' id='word_1_53' title='bbox 532 671 695 743; x_wconf 73' lang='lat' dir='ltr'><strong>apocryphis</strong></span> <span class='ocrx_word' id='word_1_54' title='bbox 714 668 864 740; x_wconf 86' lang='lat' dir='ltr'><strong>scripturis,</strong></span> <span class='ocrx_word' id='word_1_55' title='bbox 884 670 956 740; x_wconf 87' lang='lat' dir='ltr'><strong>quod</strong></span> <span class='ocrx_word' id='word_1_56' title='bbox 980 668 1051 723; x_wconf 87' lang='lat' dir='ltr'><strong>llor-</strong></span> <span class='ocrx_word' id='word_1_57' title='bbox 1100 672 1181 728; x_wconf 83' lang='lat' dir='ltr'><strong>eriam</strong></span> <span class='ocrx_word' id='word_1_58' title='bbox 1196 669 1367 740; x_wconf 86' lang='lat' dir='ltr'><strong>parenthesis</strong></span> <span class='ocrx_word' id='word_1_59' title='bbox 1383 670 1427 725; x_wconf 91' lang='lat' dir='ltr'><strong>iiia</strong></span> <span class='ocrx_word' id='word_1_60' title='bbox 1446 672 1473 725; x_wconf 92' lang='lat' dir='ltr'><strong>ia</strong></span> <span class='ocrx_word' id='word_1_61' title='bbox 1490 680 1592 725; x_wconf 80' lang='lat' dir='ltr'><strong>testum</strong></span> <span class='ocrx_word' id='word_1_62' title='bbox 1615 670 1756 737; x_wconf 81' lang='lat' dir='ltr'><strong>irrepsisse</strong></span> <span class='ocrx_word' id='word_1_63' title='bbox 1775 684 1807 725; x_wconf 84' lang='lat' dir='ltr'><strong>er</strong></span> <span class='ocrx_word' id='word_1_64' title='bbox 1822 681 1874 725; x_wconf 86' lang='lat' dir='ltr'><strong>uota</strong></span> 
     </span>
    </p>
   </div>
   <div class='ocr_carea' id='block_1_5' title="bbox 256 738 1955 1447">
    <p class='ocr_par' dir='ltr' id='par_1_5' title="bbox 256 738 1955 1447">
     <span class='ocr_line' id='line_1_7' title="bbox 258 738 1875 811; baseline 0.002 -19"><span class='ocrx_word' id='word_1_65' title='bbox 258 741 351 796; x_wconf 78' lang='lat' dir='ltr'><strong>urisde</strong></span> <span class='ocrx_word' id='word_1_66' title='bbox 364 742 398 798; x_wconf 88' lang='lat' dir='ltr'><strong>ab</strong></span> <span class='ocrx_word' id='word_1_67' title='bbox 412 740 471 797; x_wconf 88' lang='lat' dir='ltr'><strong>aliis</strong></span> <span class='ocrx_word' id='word_1_68' title='bbox 485 741 621 797; x_wconf 76' lang='lat' dir='ltr'><strong>tribuitur.</strong></span> <span class='ocrx_word' id='word_1_69' title='bbox 640 741 737 796; x_wconf 78' lang='lat' dir='ltr'><strong>Totum</strong></span> <span class='ocrx_word' id='word_1_70' title='bbox 752 740 823 795; x_wconf 80' lang='lat' dir='ltr'><strong>sirim</strong></span> <span class='ocrx_word' id='word_1_71' title='bbox 840 738 896 795; x_wconf 88' lang='lat' dir='ltr'><strong>iere</strong></span> <span class='ocrx_word' id='word_1_72' title='bbox 915 739 1048 811; x_wconf 89' lang='lat' dir='ltr'><strong>scriptum</strong></span> <span class='ocrx_word' id='word_1_73' title='bbox 1101 741 1241 809; x_wconf 72' lang='lat' dir='ltr'><strong>marginali</strong></span> <span class='ocrx_word' id='word_1_74' title='bbox 1255 739 1367 797; x_wconf 74' lang='lat' dir='ltr'><strong>studiosi</strong></span> <span class='ocrx_word' id='word_1_75' title='bbox 1379 740 1512 808; x_wconf 78' lang='lat' dir='ltr'><strong>alicuius,</strong></span> <span class='ocrx_word' id='word_1_76' title='bbox 1532 741 1578 810; x_wconf 91' lang='lat' dir='ltr'><strong>qui</strong></span> <span class='ocrx_word' id='word_1_77' title='bbox 1593 740 1650 794; x_wconf 86' lang='lat' dir='ltr'><strong>ilsii</strong></span> <span class='ocrx_word' id='word_1_78' title='bbox 1669 741 1825 795; x_wconf 83' lang='lat' dir='ltr'><strong>meminerat</strong></span> <span class='ocrx_word' id='word_1_79' title='bbox 1842 741 1875 796; x_wconf 85' lang='lat' dir='ltr'><strong>di-</strong></span> 
     </span>
     <span class='ocr_line' id='line_1_8' title="bbox 258 808 1876 883; baseline 0 -18"><span class='ocrx_word' id='word_1_80' title='bbox 258 811 329 866; x_wconf 90' lang='lat' dir='ltr'><strong>istud</strong></span> <span class='ocrx_word' id='word_1_81' title='bbox 342 812 440 880; x_wconf 71' lang='lat' dir='ltr'><strong>iegitur</strong></span> <span class='ocrx_word' id='word_1_82' title='bbox 451 811 617 880; x_wconf 84' lang='lat' dir='ltr'><strong>prelationis</strong></span> <span class='ocrx_word' id='word_1_83' title='bbox 629 812 687 866; x_wconf 86' lang='lat' dir='ltr'><strong>rice</strong></span> <span class='ocrx_word' id='word_1_84' title='bbox 702 812 811 866; x_wconf 86' lang='lat' dir='ltr'><strong>decreto</strong></span> <span class='ocrx_word' id='word_1_85' title='bbox 823 808 886 865; x_wconf 91' lang='lat' dir='ltr'><strong>huic</strong></span> <span class='ocrx_word' id='word_1_86' title='bbox 900 824 1047 866; x_wconf 80' lang='lat' dir='ltr'><strong>annosum.</strong></span> <span class='ocrx_word' id='word_1_87' title='bbox 1100 813 1187 867; x_wconf 78' lang='lat' dir='ltr'><strong>centis</strong></span> <span class='ocrx_word' id='word_1_88' title='bbox 1200 813 1227 866; x_wconf 88' lang='lat' dir='ltr'><strong>in</strong></span> <span class='ocrx_word' id='word_1_89' title='bbox 1242 811 1395 869; x_wconf 77' lang='lat' dir='ltr'><strong>sardicensi</strong></span> <span class='ocrx_word' id='word_1_90' title='bbox 1410 811 1547 867; x_wconf 87' lang='lat' dir='ltr'><strong>concilio:</strong></span> <span class='ocrx_word' id='word_1_91' title='bbox 1568 810 1599 868; x_wconf 82' lang='lat' dir='ltr'><strong>si</strong></span> <span class='ocrx_word' id='word_1_92' title='bbox 1617 813 1716 882; x_wconf 80' lang='lat' dir='ltr'><strong>piacet,</strong></span> <span class='ocrx_word' id='word_1_93' title='bbox 1728 812 1810 866; x_wconf 76' lang='lat' dir='ltr'><strong>sancti</strong></span> <span class='ocrx_word' id='word_1_94' title='bbox 1825 828 1876 883; x_wconf 67' lang='lat' dir='ltr'><strong>ape</strong></span> 
     </span>
     <span class='ocr_line' id='line_1_9' title="bbox 256 880 1580 952; baseline -0.002 -15"><span class='ocrx_word' id='word_1_95' title='bbox 256 884 292 937; x_wconf 77' lang='lat' dir='ltr'><strong>iit</strong></span> <span class='ocrx_word' id='word_1_96' title='bbox 302 883 358 939; x_wconf 85' lang='lat' dir='ltr'><strong>sire</strong></span> <span class='ocrx_word' id='word_1_97' title='bbox 368 881 501 948; x_wconf 86' lang='lat' dir='ltr'><strong>Gelasius,</strong></span> <span class='ocrx_word' id='word_1_98' title='bbox 514 882 571 938; x_wconf 85' lang='lat' dir='ltr'><strong>sire</strong></span> <span class='ocrx_word' id='word_1_99' title='bbox 580 880 736 937; x_wconf 77' lang='lat' dir='ltr'><strong>Hortarisdas</strong></span> <span class='ocrx_word' id='word_1_100' title='bbox 748 880 827 952; x_wconf 82' lang='lat' dir='ltr'><strong>hujus</strong></span> <span class='ocrx_word' id='word_1_101' title='bbox 836 881 937 936; x_wconf 89' lang='lat' dir='ltr'><strong>decreti</strong></span> <span class='ocrx_word' id='word_1_102' title='bbox 953 889 1050 936; x_wconf 89' lang='lat' dir='ltr'><strong>auctor</strong></span> <span class='ocrx_word' id='word_1_103' title='bbox 1100 883 1159 938; x_wconf 79' lang='grc' dir='ltr'>ιιιιι</span> <span class='ocrx_word' id='word_1_104' title='bbox 1173 882 1244 937; x_wconf 84' lang='lat' dir='ltr'><strong>Petri</strong></span> <span class='ocrx_word' id='word_1_105' title='bbox 1257 883 1404 937; x_wconf 78' lang='lat' dir='ltr'><strong>mesariam</strong></span> <span class='ocrx_word' id='word_1_106' title='bbox 1413 881 1580 936; x_wconf 81' lang='lat' dir='ltr'><strong>honoremus.</strong></span> 
     </span>
     <span class='ocr_line' id='line_1_10' title="bbox 256 950 1875 1025; baseline 0.002 -20"><span class='ocrx_word' id='word_1_107' title='bbox 256 952 293 1006; x_wconf 84' lang='lat' dir='ltr'><strong>sit</strong></span> <span class='ocrx_word' id='word_1_108' title='bbox 308 951 398 1024; x_wconf 88' lang='lat' dir='ltr'><strong>(quod</strong></span> <span class='ocrx_word' id='word_1_109' title='bbox 413 962 579 1022; x_wconf 85' lang='lat' dir='ltr'><strong>postremum</strong></span> <span class='ocrx_word' id='word_1_110' title='bbox 593 953 680 1009; x_wconf 84' lang='lat' dir='ltr'>codex</span> <span class='ocrx_word' id='word_1_111' title='bbox 696 959 805 1017; x_wconf 88' lang='lat' dir='ltr'><strong>noster,</strong></span> <span class='ocrx_word' id='word_1_112' title='bbox 826 960 853 1005; x_wconf 91' lang='lat' dir='ltr'><strong>ut</strong></span> <span class='ocrx_word' id='word_1_113' title='bbox 868 959 896 1005; x_wconf 85' lang='lat' dir='ltr'><strong>et</strong></span> <span class='ocrx_word' id='word_1_114' title='bbox 906 950 1051 1025; x_wconf 74' lang='lat' dir='ltr'><strong>Dionysia·</strong></span> <span class='ocrx_word' id='word_1_115' title='bbox 1137 953 1440 1023; x_wconf 80' lang='lat' dir='ltr'><strong>b.iiqesimusoctarus</strong></span> <span class='ocrx_word' id='word_1_116' title='bbox 1452 950 1875 1010; x_wconf 86' lang='lat' dir='ltr'><strong>Chalcedonensiseoociiiicaam</strong></span> 
     </span>
     <span class='ocr_line' id='line_1_11' title="bbox 257 1019 1955 1093; baseline 0.001 -15"><span class='ocrx_word' id='word_1_117' title='bbox 257 1035 308 1078; x_wconf 89' lang='lat' dir='ltr'><strong>nos</strong></span> <span class='ocrx_word' id='word_1_118' title='bbox 324 1023 462 1093; x_wconf 89' lang='lat' dir='ltr'><strong>probabile</strong></span> <span class='ocrx_word' id='word_1_119' title='bbox 479 1022 613 1088; x_wconf 90' lang='lat' dir='ltr'><strong>reddunt,</strong></span> <span class='ocrx_word' id='word_1_120' title='bbox 635 1024 680 1093; x_wconf 91' lang='lat' dir='ltr'><strong>qui</strong></span> <span class='ocrx_word' id='word_1_121' title='bbox 699 1038 760 1078; x_wconf 80' lang='lat' dir='ltr'><strong>cuin</strong></span> <span class='ocrx_word' id='word_1_122' title='bbox 781 1021 862 1076; x_wconf 84' lang='lat' dir='ltr'><strong>nauita</strong></span> <span class='ocrx_word' id='word_1_123' title='bbox 880 1019 980 1077; x_wconf 85' lang='lat' dir='ltr'><strong>Gelasii</strong></span> <span class='ocrx_word' id='word_1_124' title='bbox 997 1021 1049 1076; x_wconf 91' lang='lat' dir='ltr'><strong>ba·</strong></span> <span class='ocrx_word' id='word_1_125' title='bbox 1101 1021 1756 1093; x_wconf 81' lang='lat' dir='ltr'><strong>ineocoriice(cidesideratur:quemrcreca</strong></span> <span class='ocrx_word' id='word_1_126' title='bbox 1771 1023 1876 1079; x_wconf 72' lang='lat' dir='ltr'><strong>flamm</strong></span> <span class='ocrx_word' id='word_1_127' title='bbox 1954 1050 1955 1065; x_wconf 60' lang='grc' dir='ltr'><strong>ι</strong></span> 
     </span>
     <span class='ocr_line' id='line_1_12' title="bbox 258 1090 1955 1167; baseline 0.001 -19"><span class='ocrx_word' id='word_1_128' title='bbox 258 1092 348 1160; x_wconf 63' lang='lat' dir='ltr'><strong>mant,</strong></span> <span class='ocrx_word' id='word_1_129' title='bbox 358 1094 407 1167; x_wconf 88' lang='lat' dir='ltr'><strong>(o)</strong></span> <span class='ocrx_word' id='word_1_130' title='bbox 417 1095 556 1150; x_wconf 79' lang='lat' dir='ltr'><strong>decretum</strong></span> <span class='ocrx_word' id='word_1_131' title='bbox 568 1103 655 1149; x_wconf 90' lang='lat' dir='ltr'><strong>tamen</strong></span> <span class='ocrx_word' id='word_1_132' title='bbox 668 1094 736 1148; x_wconf 88' lang='lat' dir='ltr'><strong>istud</strong></span> <span class='ocrx_word' id='word_1_133' title='bbox 749 1101 802 1146; x_wconf 87' lang='lat' dir='ltr'><strong>tam</strong></span> <span class='ocrx_word' id='word_1_134' title='bbox 813 1090 899 1147; x_wconf 90' lang='lat' dir='ltr'><strong>codici</strong></span> <span class='ocrx_word' id='word_1_135' title='bbox 911 1093 1048 1162; x_wconf 87' lang='lat' dir='ltr'><strong>proprium</strong></span> <span class='ocrx_word' id='word_1_136' title='bbox 1100 1094 1187 1150; x_wconf 92' lang='lat' dir='ltr'><strong>codici</strong></span> <span class='ocrx_word' id='word_1_137' title='bbox 1200 1096 1330 1150; x_wconf 85' lang='lat' dir='ltr'><strong>inscrtum</strong></span> <span class='ocrx_word' id='word_1_138' title='bbox 1343 1108 1398 1148; x_wconf 92' lang='lat' dir='ltr'><strong>non</strong></span> <span class='ocrx_word' id='word_1_139' title='bbox 1408 1093 1491 1149; x_wconf 84' lang='lat' dir='ltr'><strong>luisse</strong></span> <span class='ocrx_word' id='word_1_140' title='bbox 1500 1103 1604 1148; x_wconf 83' lang='lat' dir='ltr'><strong>certum</strong></span> <span class='ocrx_word' id='word_1_141' title='bbox 1617 1102 1669 1149; x_wconf 90' lang='lat' dir='ltr'><strong>est.</strong></span> <span class='ocrx_word' id='word_1_142' title='bbox 1954 1106 1955 1109; x_wconf 72' lang='grc'>’</span> 
     </span>
     <span class='ocr_line' id='line_1_13' title="bbox 258 1161 1876 1235; baseline 0 -17"><span class='ocrx_word' id='word_1_143' title='bbox 258 1178 311 1219; x_wconf 91' lang='lat' dir='ltr'><strong>non</strong></span> <span class='ocrx_word' id='word_1_144' title='bbox 321 1163 478 1231; x_wconf 81' lang='lat' dir='ltr'><strong>continenti</strong></span> <span class='ocrx_word' id='word_1_145' title='bbox 488 1183 496 1222; x_wconf 79' lang='lat' dir='ltr'><strong>a</strong></span> <span class='ocrx_word' id='word_1_146' title='bbox 508 1172 632 1229; x_wconf 86' lang='lat' dir='ltr'><strong>uterque,</strong></span> <span class='ocrx_word' id='word_1_147' title='bbox 644 1164 764 1234; x_wconf 83' lang='lat' dir='ltr'><strong>inquam,</strong></span> <span class='ocrx_word' id='word_1_148' title='bbox 777 1161 884 1217; x_wconf 90' lang='lat' dir='ltr'><strong>illorum</strong></span> <span class='ocrx_word' id='word_1_149' title='bbox 895 1163 1050 1231; x_wconf 78' lang='lat' dir='ltr'><strong>postidcum</strong></span> <span class='ocrx_word' id='word_1_150' title='bbox 1137 1166 1163 1219; x_wconf 89' lang='grc'><strong>7.</strong></span> <span class='ocrx_word' id='word_1_151' title='bbox 1180 1165 1219 1220; x_wconf 83' lang='lat' dir='ltr'><strong>Ex</strong></span> <span class='ocrx_word' id='word_1_152' title='bbox 1234 1164 1355 1235; x_wconf 88' lang='lat' dir='ltr'><strong>pluribus</strong></span> <span class='ocrx_word' id='word_1_153' title='bbox 1369 1165 1517 1233; x_wconf 88' lang='lat' dir='ltr'><strong>priscorum</strong></span> <span class='ocrx_word' id='word_1_154' title='bbox 1533 1162 1625 1219; x_wconf 75' lang='lat' dir='ltr'><strong>Romae</strong></span> <span class='ocrx_word' id='word_1_155' title='bbox 1635 1166 1820 1232; x_wconf 88' lang='lat' dir='ltr'><strong>episcoporum</strong></span> <span class='ocrx_word' id='word_1_156' title='bbox 1828 1165 1876 1233; x_wconf 85' lang='lat' dir='ltr'><strong>cpi·</strong></span> 
     </span>
     <span class='ocr_line' id='line_1_14' title="bbox 257 1233 1874 1304; baseline 0.001 -16"><span class='ocrx_word' id='word_1_157' title='bbox 257 1244 368 1294; x_wconf 91' lang='lat' dir='ltr'><strong>auctore</strong></span> <span class='ocrx_word' id='word_1_158' title='bbox 389 1236 557 1292; x_wconf 88' lang='lat' dir='ltr'><strong>collectionis</strong></span> <span class='ocrx_word' id='word_1_159' title='bbox 571 1234 727 1289; x_wconf 78' lang='lat' dir='ltr'><strong>isidorianae</strong></span> <span class='ocrx_word' id='word_1_160' title='bbox 748 1233 885 1302; x_wconf 78' lang='lat' dir='ltr'><strong>antiquior</strong></span> <span class='ocrx_word' id='word_1_161' title='bbox 905 1242 963 1302; x_wconf 87' lang='lat' dir='ltr'><strong>est,</strong></span> <span class='ocrx_word' id='word_1_162' title='bbox 984 1236 1050 1295; x_wconf 88' lang='lat' dir='ltr'><strong>ntis</strong></span> <span class='ocrx_word' id='word_1_163' title='bbox 1101 1235 1189 1303; x_wconf 89' lang='lat' dir='ltr'><strong>stolis,</strong></span> <span class='ocrx_word' id='word_1_164' title='bbox 1200 1248 1225 1290; x_wconf 88' lang='lat' dir='ltr'><strong>at</strong></span> <span class='ocrx_word' id='word_1_165' title='bbox 1247 1251 1280 1290; x_wconf 90' lang='lat' dir='ltr'><strong>ue</strong></span> <span class='ocrx_word' id='word_1_166' title='bbox 1292 1249 1325 1289; x_wconf 82' lang='lat' dir='ltr'><strong>er</strong></span> <span class='ocrx_word' id='word_1_167' title='bbox 1338 1235 1486 1290; x_wconf 84' lang='lat' dir='ltr'><strong>canonibus</strong></span> <span class='ocrx_word' id='word_1_168' title='bbox 1498 1236 1525 1289; x_wconf 91' lang='lat' dir='ltr'><strong>in</strong></span> <span class='ocrx_word' id='word_1_169' title='bbox 1540 1234 1658 1289; x_wconf 73' lang='lat' dir='ltr'><strong>africam</strong></span> <span class='ocrx_word' id='word_1_170' title='bbox 1674 1235 1810 1290; x_wconf 77' lang='lat' dir='ltr'><strong>azosimo</strong></span> <span class='ocrx_word' id='word_1_171' title='bbox 1820 1252 1874 1304; x_wconf 82' lang='lat' dir='ltr'><strong>papa</strong></span> 
     </span>
     <span class='ocr_line' id='line_1_15' title="bbox 257 1300 1877 1431; baseline 0.001 -71"><span class='ocrx_word' id='word_1_172' title='bbox 257 1306 347 1431; x_wconf 58' lang='lat' dir='ltr'><strong>Rotius</strong></span> <span class='ocrx_word' id='word_1_173' title='bbox 360 1306 395 1362; x_wconf 90' lang='lat' dir='ltr'><strong>ab</strong></span> <span class='ocrx_word' id='word_1_174' title='bbox 414 1307 467 1363; x_wconf 90' lang='lat' dir='ltr'><strong>illis</strong></span> <span class='ocrx_word' id='word_1_175' title='bbox 483 1307 664 1429; x_wconf 43' lang='lat' dir='ltr'><strong>relunlo‘ttru</strong></span> <span class='ocrx_word' id='word_1_176' title='bbox 678 1303 772 1360; x_wconf 88' lang='lat' dir='ltr'><strong>codice</strong></span> <span class='ocrx_word' id='word_1_177' title='bbox 783 1300 920 1372; x_wconf 88' lang='lat' dir='ltr'><strong>accepisse</strong></span> <span class='ocrx_word' id='word_1_178' title='bbox 933 1303 1050 1360; x_wconf 85' lang='lat' dir='ltr'><strong>creden·</strong></span> <span class='ocrx_word' id='word_1_179' title='bbox 1101 1307 1237 1361; x_wconf 79' lang='lat' dir='ltr'><strong>mississe</strong></span> <span class='ocrx_word' id='word_1_180' title='bbox 1270 1304 1439 1360; x_wconf 67' lang='lat' dir='ltr'><strong>dimensum</strong></span> <span class='ocrx_word' id='word_1_181' title='bbox 1459 1320 1592 1360; x_wconf 77' lang='lat' dir='ltr'><strong>moranum</strong></span> <span class='ocrx_word' id='word_1_182' title='bbox 1615 1306 1745 1369; x_wconf 88' lang='lat' dir='ltr'><strong>nomine,</strong></span> <span class='ocrx_word' id='word_1_183' title='bbox 1769 1307 1877 1374; x_wconf 74' lang='lat' dir='ltr'><strong>quamuis</strong></span> 
     </span>
     <span class='ocr_line' id='line_1_16' title="bbox 278 1375 627 1447; baseline -0.006 -17"><span class='ocrx_word' id='word_1_184' title='bbox 278 1375 627 1447; x_wconf 56' lang='lat' dir='ltr'><strong>mmmmmmss.</strong></span> 
     </span>
    </p>
   </div>
   <div class='ocr_carea' id='block_1_6' title="bbox 259 1443 1955 1589">
    <p class='ocr_par' dir='ltr' id='par_1_6' title="bbox 259 1443 1955 1589">
     <span class='ocr_line' id='line_1_17' title="bbox 295 1443 1955 1517; baseline 0 -16"><span class='ocrx_word' id='word_1_185' title='bbox 295 1445 384 1503; x_wconf 81' lang='lat' dir='ltr'><strong>Firma</strong></span> <span class='ocrx_word' id='word_1_186' title='bbox 398 1448 489 1517; x_wconf 73' lang='lat' dir='ltr'><strong>igitur,</strong></span> <span class='ocrx_word' id='word_1_187' title='bbox 505 1446 532 1501; x_wconf 94' lang='lat' dir='ltr'><strong>ni</strong></span> <span class='ocrx_word' id='word_1_188' title='bbox 549 1444 638 1512; x_wconf 88' lang='lat' dir='ltr'><strong>iallor,</strong></span> <span class='ocrx_word' id='word_1_189' title='bbox 651 1451 743 1500; x_wconf 92' lang='lat' dir='ltr'><strong>manet</strong></span> <span class='ocrx_word' id='word_1_190' title='bbox 766 1443 898 1510; x_wconf 86' lang='lat' dir='ltr'><strong>probatio,</strong></span> <span class='ocrx_word' id='word_1_191' title='bbox 919 1456 999 1512; x_wconf 90' lang='lat' dir='ltr'><strong>quam</strong></span> <span class='ocrx_word' id='word_1_192' title='bbox 1015 1458 1049 1499; x_wconf 80' lang='lat' dir='ltr'><strong>ex</strong></span> <span class='ocrx_word' id='word_1_193' title='bbox 1084 1462 1171 1517; x_wconf 76' lang='lat' dir='ltr'><strong>‚pene</strong></span> <span class='ocrx_word' id='word_1_194' title='bbox 1186 1447 1315 1503; x_wconf 87' lang='lat' dir='ltr'><strong>hactenus</strong></span> <span class='ocrx_word' id='word_1_195' title='bbox 1336 1446 1385 1500; x_wconf 89' lang='lat' dir='ltr'><strong>iuit</strong></span> <span class='ocrx_word' id='word_1_196' title='bbox 1397 1446 1467 1516; x_wconf 90' lang='lat' dir='ltr'><strong>apud</strong></span> <span class='ocrx_word' id='word_1_197' title='bbox 1487 1446 1606 1504; x_wconf 87' lang='lat' dir='ltr'><strong>eruditos</strong></span> <span class='ocrx_word' id='word_1_198' title='bbox 1629 1447 1777 1501; x_wconf 82' lang='lat' dir='ltr'><strong>Romanam</strong></span> <span class='ocrx_word' id='word_1_199' title='bbox 1800 1447 1878 1501; x_wconf 76' lang='lat' dir='ltr'><strong>liceis</strong></span> <span class='ocrx_word' id='word_1_200' title='bbox 1954 1490 1955 1511; x_wconf 75' lang='lat'><strong>,</strong></span> 
     </span>
     <span class='ocr_line' id='line_1_18' title="bbox 259 1514 1955 1589; baseline 0.001 -19"><span class='ocrx_word' id='word_1_201' title='bbox 259 1516 416 1585; x_wconf 82' lang='lat' dir='ltr'><strong>prelatione</strong></span> <span class='ocrx_word' id='word_1_202' title='bbox 437 1517 575 1584; x_wconf 79' lang='lat' dir='ltr'><strong>elicimus,</strong></span> <span class='ocrx_word' id='word_1_203' title='bbox 596 1526 625 1571; x_wconf 94' lang='lat' dir='ltr'><strong>ut</strong></span> <span class='ocrx_word' id='word_1_204' title='bbox 637 1515 757 1571; x_wconf 88' lang='lat' dir='ltr'><strong>codicem</strong></span> <span class='ocrx_word' id='word_1_205' title='bbox 773 1514 901 1570; x_wconf 82' lang='lat' dir='ltr'><strong>honranae</strong></span> <span class='ocrx_word' id='word_1_206' title='bbox 922 1516 1050 1570; x_wconf 61' lang='lat' dir='ltr'><strong>Ecclesiae</strong></span> <span class='ocrx_word' id='word_1_207' title='bbox 1100 1519 1168 1573; x_wconf 87' lang='lat' dir='ltr'><strong>siam</strong></span> <span class='ocrx_word' id='word_1_208' title='bbox 1180 1520 1318 1587; x_wconf 85' lang='lat' dir='ltr'><strong>utriusque</strong></span> <span class='ocrx_word' id='word_1_209' title='bbox 1331 1517 1437 1573; x_wconf 91' lang='lat' dir='ltr'><strong>concilii</strong></span> <span class='ocrx_word' id='word_1_210' title='bbox 1448 1531 1567 1572; x_wconf 79' lang='lat' dir='ltr'><strong>marones</strong></span> <span class='ocrx_word' id='word_1_211' title='bbox 1590 1518 1715 1572; x_wconf 86' lang='lat' dir='ltr'><strong>babuisse</strong></span> <span class='ocrx_word' id='word_1_212' title='bbox 1739 1516 1819 1589; x_wconf 64' lang='lat'><strong>714</strong></span> <span class='ocrx_word' id='word_1_213' title='bbox 1833 1519 1876 1572; x_wconf 84' lang='lat' dir='ltr'><strong>sibi</strong></span> <span class='ocrx_word' id='word_1_214' title='bbox 1954 1520 1955 1561; x_wconf 76' lang='grc' dir='ltr'><strong>ι</strong></span> 
     </span>
    </p>
   </div>
   <div class='ocr_carea' id='block_1_7' title="bbox 257 1586 1955 3564">
    <p class='ocr_par' dir='ltr' id='par_1_7' title="bbox 1100 1586 1878 1656">
     <span class='ocr_line' id='line_1_19' title="bbox 1100 1586 1878 1656; baseline -0.003 -13"><span class='ocrx_word' id='word_1_215' title='bbox 1100 1587 1215 1643; x_wconf 77' lang='lat' dir='ltr'><strong>invicem</strong></span> <span class='ocrx_word' id='word_1_216' title='bbox 1229 1589 1273 1644; x_wconf 81' lang='lat' dir='ltr'><strong>vei</strong></span> <span class='ocrx_word' id='word_1_217' title='bbox 1285 1589 1423 1643; x_wconf 83' lang='lat' dir='ltr'><strong>immixtos</strong></span> <span class='ocrx_word' id='word_1_218' title='bbox 1441 1588 1484 1643; x_wconf 88' lang='lat' dir='ltr'><strong>rei</strong></span> <span class='ocrx_word' id='word_1_219' title='bbox 1501 1586 1638 1656; x_wconf 83' lang='lat' dir='ltr'><strong>subjectos</strong></span> <span class='ocrx_word' id='word_1_220' title='bbox 1652 1591 1712 1643; x_wconf 89' lang='lat' dir='ltr'><strong>sine</strong></span> <span class='ocrx_word' id='word_1_221' title='bbox 1726 1594 1780 1642; x_wconf 90' lang='lat' dir='ltr'><strong>ulia</strong></span> <span class='ocrx_word' id='word_1_222' title='bbox 1793 1590 1878 1643; x_wconf 83' lang='lat' dir='ltr'><strong>distin·</strong></span> 
     </span>
    </p>

    <p class='ocr_par' dir='ltr' id='par_1_8' title="bbox 258 1653 1955 1939">
     <span class='ocr_line' id='line_1_20' title="bbox 294 1653 1876 1727; baseline -0.003 -15"><span class='ocrx_word' id='word_1_223' title='bbox 294 1658 413 1714; x_wconf 84' lang='lat' dir='ltr'><strong>Tcrtism</strong></span> <span class='ocrx_word' id='word_1_224' title='bbox 426 1658 609 1727; x_wconf 89' lang='lat' dir='ltr'><strong>probationem</strong></span> <span class='ocrx_word' id='word_1_225' title='bbox 622 1655 783 1712; x_wconf 80' lang='lat' dir='ltr'><strong>arcessimus</strong></span> <span class='ocrx_word' id='word_1_226' title='bbox 794 1670 827 1710; x_wconf 82' lang='lat' dir='ltr'><strong>es</strong></span> <span class='ocrx_word' id='word_1_227' title='bbox 840 1654 923 1710; x_wconf 90' lang='lat' dir='ltr'><strong>citato</strong></span> <span class='ocrx_word' id='word_1_228' title='bbox 938 1653 1050 1725; x_wconf 78' lang='lat' dir='ltr'><strong>(bisse-</strong></span> <span class='ocrx_word' id='word_1_229' title='bbox 1100 1659 1197 1714; x_wconf 70' lang='lat' dir='ltr'><strong>erinnis</strong></span> <span class='ocrx_word' id='word_1_230' title='bbox 1209 1659 1279 1714; x_wconf 75' lang='lat' dir='ltr'><strong>inser</strong></span> <span class='ocrx_word' id='word_1_231' title='bbox 1294 1668 1423 1726; x_wconf 70' lang='lat' dir='ltr'><strong>utrosque</strong></span> <span class='ocrx_word' id='word_1_232' title='bbox 1437 1667 1500 1713; x_wconf 81' lang='lat' dir='ltr'><strong>nutu</strong></span> <span class='ocrx_word' id='word_1_233' title='bbox 1516 1672 1651 1727; x_wconf 69' lang='lat' dir='ltr'><strong>:utrinqne</strong></span> <span class='ocrx_word' id='word_1_234' title='bbox 1674 1669 1818 1713; x_wconf 66' lang='lat' dir='ltr'><strong>pararem</strong></span> <span class='ocrx_word' id='word_1_235' title='bbox 1830 1658 1876 1712; x_wconf 71' lang='lat' dir='ltr'><strong>zh-</strong></span> 
     </span>
     <span class='ocr_line' id='line_1_21' title="bbox 258 1725 1877 1819; baseline 0.001 -38"><span class='ocrx_word' id='word_1_236' title='bbox 258 1726 318 1784; x_wconf 88' lang='lat' dir='ltr'><strong>lasil</strong></span> <span class='ocrx_word' id='word_1_237' title='bbox 333 1743 381 1785; x_wconf 88' lang='lat' dir='ltr'><strong>seu</strong></span> <span class='ocrx_word' id='word_1_238' title='bbox 397 1727 545 1784; x_wconf 83' lang='lat' dir='ltr'><strong>ilormisdcc</strong></span> <span class='ocrx_word' id='word_1_239' title='bbox 558 1727 666 1784; x_wconf 88' lang='lat' dir='ltr'><strong>decreto</strong></span> <span class='ocrx_word' id='word_1_240' title='bbox 679 1744 685 1781; x_wconf 93' lang='lat'><strong>:</strong></span> <span class='ocrx_word' id='word_1_241' title='bbox 698 1736 731 1782; x_wconf 83' lang='lat' dir='ltr'><strong>cs</strong></span> <span class='ocrx_word' id='word_1_242' title='bbox 750 1727 839 1781; x_wconf 88' lang='lat' dir='ltr'><strong>alieno</strong></span> <span class='ocrx_word' id='word_1_243' title='bbox 858 1725 931 1779; x_wconf 91' lang='lat' dir='ltr'><strong>euim</strong></span> <span class='ocrx_word' id='word_1_244' title='bbox 954 1727 1048 1780; x_wconf 89' lang='lat' dir='ltr'><strong>codice</strong></span> <span class='ocrx_word' id='word_1_245' title='bbox 1064 1758 1086 1819; x_wconf 65' lang='grc' dir='ltr'><strong><em>Β</em></strong></span> <span class='ocrx_word' id='word_1_246' title='bbox 1100 1731 1169 1784; x_wconf 86' lang='lat' dir='ltr'><strong>simo</strong></span> <span class='ocrx_word' id='word_1_247' title='bbox 1179 1728 1295 1785; x_wconf 79' lang='lat' dir='ltr'><strong>saecuti</strong></span> <span class='ocrx_word' id='word_1_248' title='bbox 1306 1729 1440 1789; x_wconf 84' lang='lat' dir='ltr'><strong>mendacii</strong></span> <span class='ocrx_word' id='word_1_249' title='bbox 1454 1744 1486 1784; x_wconf 92' lang='lat' dir='ltr'><strong>ac</strong></span> <span class='ocrx_word' id='word_1_250' title='bbox 1504 1729 1640 1784; x_wconf 81' lang='lat' dir='ltr'><strong>meditste</strong></span> <span class='ocrx_word' id='word_1_251' title='bbox 1663 1730 1819 1796; x_wconf 78' lang='lat' dir='ltr'><strong>imposturae</strong></span> <span class='ocrx_word' id='word_1_252' title='bbox 1832 1730 1877 1783; x_wconf 89' lang='lat' dir='ltr'><strong>cri·</strong></span> 
     </span>
     <span class='ocr_line' id='line_1_22' title="bbox 258 1794 1955 1871; baseline 0.001 -18"><span class='ocrx_word' id='word_1_253' title='bbox 258 1799 346 1869; x_wconf 90' lang='lat' dir='ltr'><strong>pudor</strong></span> <span class='ocrx_word' id='word_1_254' title='bbox 357 1799 398 1855; x_wconf 83' lang='lat' dir='ltr'><strong>rel</strong></span> <span class='ocrx_word' id='word_1_255' title='bbox 415 1799 508 1869; x_wconf 72' lang='lat' dir='ltr'><strong>religio</strong></span> <span class='ocrx_word' id='word_1_256' title='bbox 521 1798 616 1854; x_wconf 86' lang='lat' dir='ltr'><strong>luisset</strong></span> <span class='ocrx_word' id='word_1_257' title='bbox 634 1797 756 1853; x_wconf 68' lang='lat' dir='ltr'><strong>attornet</strong></span> <span class='ocrx_word' id='word_1_258' title='bbox 774 1794 958 1867; x_wconf 82' lang='lat' dir='ltr'><strong>prelationem</strong></span> <span class='ocrx_word' id='word_1_259' title='bbox 974 1797 1047 1851; x_wconf 89' lang='lat' dir='ltr'><strong>iute-</strong></span> <span class='ocrx_word' id='word_1_260' title='bbox 1100 1814 1162 1855; x_wconf 90' lang='lat' dir='ltr'><strong>men</strong></span> <span class='ocrx_word' id='word_1_261' title='bbox 1180 1799 1337 1870; x_wconf 77' lang='lat' dir='ltr'><strong>procacibus</strong></span> <span class='ocrx_word' id='word_1_262' title='bbox 1364 1799 1455 1855; x_wconf 88' lang='lat' dir='ltr'><strong>verbis</strong></span> <span class='ocrx_word' id='word_1_263' title='bbox 1476 1799 1624 1869; x_wconf 75' lang='lat' dir='ltr'><strong>impingere</strong></span> <span class='ocrx_word' id='word_1_264' title='bbox 1645 1809 1876 1869; x_wconf 70' lang='lat' dir='ltr'><strong>praesumpserim,</strong></span> <span class='ocrx_word' id='word_1_265' title='bbox 1954 1834 1955 1871; x_wconf 30' lang='lat' dir='ltr'><strong>q</strong></span> 
     </span>
     <span class='ocr_line' id='line_1_23' title="bbox 259 1868 1877 1939; baseline 0.001 -15"><span class='ocrx_word' id='word_1_266' title='bbox 259 1884 335 1939; x_wconf 73' lang='lat' dir='ltr'><strong>pram</strong></span> <span class='ocrx_word' id='word_1_267' title='bbox 350 1870 376 1926; x_wconf 93' lang='lat' dir='ltr'><strong>in</strong></span> <span class='ocrx_word' id='word_1_268' title='bbox 387 1883 466 1926; x_wconf 86' lang='lat' dir='ltr'><strong>tuum</strong></span> <span class='ocrx_word' id='word_1_269' title='bbox 478 1868 634 1931; x_wconf 77' lang='lat' dir='ltr'><strong>transferre,</strong></span> <span class='ocrx_word' id='word_1_270' title='bbox 647 1876 718 1923; x_wconf 83' lang='lat' dir='ltr'><strong>ates</strong></span> <span class='ocrx_word' id='word_1_271' title='bbox 733 1882 782 1922; x_wconf 92' lang='lat' dir='ltr'><strong>suo</strong></span> <span class='ocrx_word' id='word_1_272' title='bbox 794 1881 848 1922; x_wconf 92' lang='lat' dir='ltr'><strong>nou</strong></span> <span class='ocrx_word' id='word_1_273' title='bbox 861 1868 936 1921; x_wconf 83' lang='lat' dir='ltr'><strong>item.</strong></span> <span class='ocrx_word' id='word_1_274' title='bbox 1100 1870 1167 1925; x_wconf 93' lang='lat' dir='ltr'><strong>nihil</strong></span> <span class='ocrx_word' id='word_1_275' title='bbox 1181 1870 1279 1925; x_wconf 88' lang='lat' dir='ltr'><strong>meiius</strong></span> <span class='ocrx_word' id='word_1_276' title='bbox 1294 1869 1378 1924; x_wconf 78' lang='lat' dir='ltr'><strong>nostri</strong></span> <span class='ocrx_word' id='word_1_277' title='bbox 1395 1870 1517 1926; x_wconf 86' lang='lat' dir='ltr'><strong>habuere</strong></span> <span class='ocrx_word' id='word_1_278' title='bbox 1531 1884 1585 1936; x_wconf 89' lang='lat' dir='ltr'><strong>qun</strong></span> <span class='ocrx_word' id='word_1_279' title='bbox 1596 1870 1758 1926; x_wconf 78' lang='lat' dir='ltr'><strong>calunniam</strong></span> <span class='ocrx_word' id='word_1_280' title='bbox 1776 1873 1877 1939; x_wconf 70' lang='lat' dir='ltr'><strong>repelle·</strong></span> 
     </span>
    </p>

    <p class='ocr_par' dir='ltr' id='par_1_9' title="bbox 257 1936 1955 3564">
     <span class='ocr_line' id='line_1_24' title="bbox 294 1936 1955 2012; baseline 0.004 -19"><span class='ocrx_word' id='word_1_281' title='bbox 294 1938 323 1996; x_wconf 79' lang='grc' dir='ltr'><strong>ι.</strong></span> <span class='ocrx_word' id='word_1_282' title='bbox 340 1940 432 1996; x_wconf 83' lang='lat' dir='ltr'><strong>Canon</strong></span> <span class='ocrx_word' id='word_1_283' title='bbox 446 1940 492 2012; x_wconf 80' lang='lat' dir='ltr'><strong>(c)</strong></span> <span class='ocrx_word' id='word_1_284' title='bbox 509 1947 601 1995; x_wconf 83' lang='lat' dir='ltr'><strong>sertus</strong></span> <span class='ocrx_word' id='word_1_285' title='bbox 615 1936 715 1995; x_wconf 78' lang='lat' dir='ltr'><strong>Nicani</strong></span> <span class='ocrx_word' id='word_1_286' title='bbox 733 1939 840 1993; x_wconf 90' lang='lat' dir='ltr'><strong>concilii</strong></span> <span class='ocrx_word' id='word_1_287' title='bbox 856 1952 871 1992; x_wconf 91' lang='lat' dir='ltr'><strong>a</strong></span> <span class='ocrx_word' id='word_1_288' title='bbox 885 1937 1047 1994; x_wconf 83' lang='lat' dir='ltr'><strong>Paschasino</strong></span> <span class='ocrx_word' id='word_1_289' title='bbox 1099 1947 1168 2004; x_wconf 89' lang='lat' dir='ltr'><strong>rent,</strong></span> <span class='ocrx_word' id='word_1_290' title='bbox 1179 1955 1259 2009; x_wconf 90' lang='lat' dir='ltr'><strong>quam</strong></span> <span class='ocrx_word' id='word_1_291' title='bbox 1275 1950 1303 1994; x_wconf 94' lang='lat' dir='ltr'><strong>ut</strong></span> <span class='ocrx_word' id='word_1_292' title='bbox 1314 1940 1435 1995; x_wconf 89' lang='lat' dir='ltr'><strong>modeste</strong></span> <span class='ocrx_word' id='word_1_293' title='bbox 1446 1940 1596 1995; x_wconf 80' lang='lat' dir='ltr'><strong>faterentur</strong></span> <span class='ocrx_word' id='word_1_294' title='bbox 1611 1956 1658 2009; x_wconf 81' lang='lat' dir='ltr'><strong>pro</strong></span> <span class='ocrx_word' id='word_1_295' title='bbox 1677 1941 1794 1996; x_wconf 78' lang='lat' dir='ltr'><strong>Nicaeiiis</strong></span> <span class='ocrx_word' id='word_1_296' title='bbox 1810 1956 1877 1995; x_wconf 86' lang='lat' dir='ltr'><strong>eano-</strong></span> <span class='ocrx_word' id='word_1_297' title='bbox 1954 1972 1955 1999; x_wconf 77' lang='grc'>;</span> 
     </span>
     <span class='ocr_line' id='line_1_25' title="bbox 258 2008 1877 2080; baseline 0.001 -16"><span class='ocrx_word' id='word_1_298' title='bbox 258 2008 348 2080; x_wconf 76' lang='lat' dir='ltr'><strong>iegato</strong></span> <span class='ocrx_word' id='word_1_299' title='bbox 361 2011 434 2067; x_wconf 88' lang='lat' dir='ltr'><strong>sedis</strong></span> <span class='ocrx_word' id='word_1_300' title='bbox 447 2010 602 2079; x_wconf 79' lang='lat' dir='ltr'><strong>epistolicae</strong></span> <span class='ocrx_word' id='word_1_301' title='bbox 612 2009 706 2066; x_wconf 91' lang='lat' dir='ltr'><strong>codem</strong></span> <span class='ocrx_word' id='word_1_302' title='bbox 717 2008 798 2063; x_wconf 91' lang='lat' dir='ltr'><strong>modu</strong></span> <span class='ocrx_word' id='word_1_303' title='bbox 810 2010 895 2065; x_wconf 88' lang='lat' dir='ltr'><strong>lectus</strong></span> <span class='ocrx_word' id='word_1_304' title='bbox 909 2017 951 2063; x_wconf 89' lang='lat' dir='ltr'><strong>est</strong></span> <span class='ocrx_word' id='word_1_305' title='bbox 960 2009 1047 2063; x_wconf 90' lang='lat' dir='ltr'><strong>actio·</strong></span> <span class='ocrx_word' id='word_1_306' title='bbox 1100 2012 1178 2067; x_wconf 86' lang='lat' dir='ltr'><strong>nibus</strong></span> <span class='ocrx_word' id='word_1_307' title='bbox 1191 2010 1366 2066; x_wconf 85' lang='lat' dir='ltr'><strong>Sardlcenses</strong></span> <span class='ocrx_word' id='word_1_308' title='bbox 1380 2011 1416 2065; x_wconf 89' lang='lat' dir='ltr'><strong>ab</strong></span> <span class='ocrx_word' id='word_1_309' title='bbox 1428 2011 1474 2064; x_wconf 90' lang='lat' dir='ltr'><strong>illo</strong></span> <span class='ocrx_word' id='word_1_310' title='bbox 1485 2010 1599 2069; x_wconf 78' lang='lat' dir='ltr'><strong>habam.</strong></span> <span class='ocrx_word' id='word_1_311' title='bbox 1611 2025 1637 2065; x_wconf 84' lang='lat' dir='ltr'><strong>et</strong></span> <span class='ocrx_word' id='word_1_312' title='bbox 1648 2024 1802 2066; x_wconf 84' lang='lat' dir='ltr'><strong>assererent</strong></span> <span class='ocrx_word' id='word_1_313' title='bbox 1817 2013 1842 2064; x_wconf 83' lang='lat' dir='ltr'><strong>id</strong></span> <span class='ocrx_word' id='word_1_314' title='bbox 1850 2028 1877 2065; x_wconf 84' lang='grc' dir='ltr'><strong>ιι</strong></span> 
     </span>
     <span class='ocr_line' id='line_1_26' title="bbox 258 2079 1876 2154; baseline 0 -20"><span class='ocrx_word' id='word_1_315' title='bbox 258 2095 293 2135; x_wconf 86' lang='lat' dir='ltr'><strong>ne</strong></span> <span class='ocrx_word' id='word_1_316' title='bbox 308 2081 460 2137; x_wconf 87' lang='lat' dir='ltr'><strong>ldconciiii</strong></span> <span class='ocrx_word' id='word_1_317' title='bbox 474 2080 712 2145; x_wconf 79' lang='lat' dir='ltr'><strong>chalcedonensis,</strong></span> <span class='ocrx_word' id='word_1_318' title='bbox 725 2095 778 2149; x_wconf 92' lang='lat' dir='ltr'><strong>quo</strong></span> <span class='ocrx_word' id='word_1_319' title='bbox 790 2079 940 2135; x_wconf 89' lang='lat' dir='ltr'><strong>hahcturiu</strong></span> <span class='ocrx_word' id='word_1_320' title='bbox 955 2087 1048 2135; x_wconf 87' lang='lat' dir='ltr'><strong>uostru</strong></span> <span class='ocrx_word' id='word_1_321' title='bbox 1099 2085 1291 2154; x_wconf 78' lang='lat' dir='ltr'><strong>eaproscctom,</strong></span> <span class='ocrx_word' id='word_1_322' title='bbox 1307 2090 1334 2135; x_wconf 92' lang='lat' dir='ltr'><strong>ut</strong></span> <span class='ocrx_word' id='word_1_323' title='bbox 1347 2081 1441 2136; x_wconf 86' lang='lat' dir='ltr'><strong>scribit</strong></span> <span class='ocrx_word' id='word_1_324' title='bbox 1453 2081 1541 2136; x_wconf 87' lang='lat' dir='ltr'><strong>liarca</strong></span> <span class='ocrx_word' id='word_1_325' title='bbox 1557 2079 1622 2149; x_wconf 80' lang='lat' dir='ltr'><strong>(bib.</strong></span> <span class='ocrx_word' id='word_1_326' title='bbox 1653 2096 1689 2135; x_wconf 91' lang='grc' dir='ltr'><strong>ιιι</strong></span> <span class='ocrx_word' id='word_1_327' title='bbox 1712 2083 1745 2135; x_wconf 84' lang='lat' dir='ltr'><strong>oie</strong></span> <span class='ocrx_word' id='word_1_328' title='bbox 1764 2082 1876 2135; x_wconf 77' lang='lat' dir='ltr'><strong>drumm.</strong></span> 
     </span>
     <span class='ocr_line' id='line_1_27' title="bbox 258 2149 1877 2223; baseline 0.001 -18"><span class='ocrx_word' id='word_1_329' title='bbox 258 2149 365 2220; x_wconf 86' lang='lat' dir='ltr'><strong>codice;</strong></span> <span class='ocrx_word' id='word_1_330' title='bbox 380 2162 410 2207; x_wconf 95' lang='lat' dir='ltr'><strong>ut</strong></span> <span class='ocrx_word' id='word_1_331' title='bbox 424 2167 456 2209; x_wconf 87' lang='lat' dir='ltr'><strong>ex</strong></span> <span class='ocrx_word' id='word_1_332' title='bbox 466 2151 561 2208; x_wconf 89' lang='lat' dir='ltr'><strong>eedem</strong></span> <span class='ocrx_word' id='word_1_333' title='bbox 576 2153 686 2207; x_wconf 89' lang='lat' dir='ltr'><strong>omnino</strong></span> <span class='ocrx_word' id='word_1_334' title='bbox 700 2150 856 2219; x_wconf 88' lang='lat' dir='ltr'><strong>desumptus</strong></span> <span class='ocrx_word' id='word_1_335' title='bbox 873 2164 933 2205; x_wconf 88' lang='lat' dir='ltr'><strong>esse</strong></span> <span class='ocrx_word' id='word_1_336' title='bbox 946 2149 1047 2205; x_wconf 90' lang='lat' dir='ltr'><strong>intelli·</strong></span> <span class='ocrx_word' id='word_1_337' title='bbox 1098 2168 1152 2209; x_wconf 72' lang='lat' dir='ltr'><strong>ror,</strong></span> <span class='ocrx_word' id='word_1_338' title='bbox 1168 2164 1191 2209; x_wconf 87' lang='lat' dir='ltr'><strong>ct</strong></span> <span class='ocrx_word' id='word_1_339' title='bbox 1204 2152 1278 2223; x_wconf 80' lang='lat' dir='ltr'><strong>imp..</strong></span> <span class='ocrx_word' id='word_1_340' title='bbox 1294 2167 1352 2221; x_wconf 84' lang='lat' dir='ltr'><strong>cop.</strong></span> <span class='ocrx_word' id='word_1_341' title='bbox 1366 2152 1421 2222; x_wconf 84' lang='lat' dir='ltr'><strong>lii),</strong></span> <span class='ocrx_word' id='word_1_342' title='bbox 1437 2151 1506 2220; x_wconf 88' lang='lat' dir='ltr'><strong>quod</strong></span> <span class='ocrx_word' id='word_1_343' title='bbox 1517 2168 1546 2205; x_wconf 84' lang='lat' dir='ltr'><strong>eo</strong></span> <span class='ocrx_word' id='word_1_344' title='bbox 1560 2161 1707 2219; x_wconf 78' lang='lat' dir='ltr'><strong>tmipcstotc</strong></span> <span class='ocrx_word' id='word_1_345' title='bbox 1721 2167 1827 2205; x_wconf 84' lang='lat' dir='ltr'><strong>muoms</strong></span> <span class='ocrx_word' id='word_1_346' title='bbox 1836 2152 1877 2207; x_wconf 80' lang='lat' dir='ltr'><strong>di·</strong></span> 
     </span>
     <span class='ocr_line' id='line_1_28' title="bbox 258 2220 1876 2292; baseline 0.001 -18"><span class='ocrx_word' id='word_1_347' title='bbox 258 2230 347 2283; x_wconf 81' lang='lat' dir='ltr'><strong>uatur.</strong></span> <span class='ocrx_word' id='word_1_348' title='bbox 362 2223 398 2278; x_wconf 80' lang='lat' dir='ltr'><strong>bt</strong></span> <span class='ocrx_word' id='word_1_349' title='bbox 412 2224 522 2278; x_wconf 89' lang='lat' dir='ltr'><strong>dubium</strong></span> <span class='ocrx_word' id='word_1_350' title='bbox 539 2238 593 2278; x_wconf 92' lang='lat' dir='ltr'><strong>non</strong></span> <span class='ocrx_word' id='word_1_351' title='bbox 608 2231 650 2278; x_wconf 88' lang='lat' dir='ltr'><strong>est</strong></span> <span class='ocrx_word' id='word_1_352' title='bbox 669 2223 781 2292; x_wconf 86' lang='lat' dir='ltr'><strong>quines</strong></span> <span class='ocrx_word' id='word_1_353' title='bbox 795 2220 905 2291; x_wconf 90' lang='lat' dir='ltr'><strong>proprio</strong></span> <span class='ocrx_word' id='word_1_354' title='bbox 919 2220 1047 2274; x_wconf 82' lang='lat' dir='ltr'><strong>llomumc</strong></span> <span class='ocrx_word' id='word_1_355' title='bbox 1100 2225 1164 2278; x_wconf 81' lang='lat' dir='ltr'><strong>ceni</strong></span> <span class='ocrx_word' id='word_1_356' title='bbox 1178 2231 1202 2277; x_wconf 90' lang='lat' dir='ltr'><strong>et</strong></span> <span class='ocrx_word' id='word_1_357' title='bbox 1217 2220 1416 2279; x_wconf 74' lang='lat' dir='ltr'><strong>sardicensem</strong></span> <span class='ocrx_word' id='word_1_358' title='bbox 1426 2221 1515 2275; x_wconf 87' lang='lat' dir='ltr'><strong>codem</strong></span> <span class='ocrx_word' id='word_1_359' title='bbox 1525 2223 1653 2277; x_wconf 82' lang='lat' dir='ltr'><strong>columine</strong></span> <span class='ocrx_word' id='word_1_360' title='bbox 1668 2222 1790 2292; x_wconf 70' lang='lat' dir='ltr'><strong>discripti</strong></span> <span class='ocrx_word' id='word_1_361' title='bbox 1807 2231 1876 2277; x_wconf 77' lang='lat' dir='ltr'><strong>mest</strong></span> 
     </span>
     <span class='ocr_line' id='line_1_29' title="bbox 258 2289 1878 2359; baseline -0.001 -13"><span class='ocrx_word' id='word_1_362' title='bbox 258 2290 388 2351; x_wconf 71' lang='lat' dir='ltr'><strong>Ecclesiae</strong></span> <span class='ocrx_word' id='word_1_363' title='bbox 401 2294 495 2349; x_wconf 84' lang='lat' dir='ltr'><strong>codice</strong></span> <span class='ocrx_word' id='word_1_364' title='bbox 507 2308 638 2349; x_wconf 88' lang='lat' dir='ltr'><strong>canonem</strong></span> <span class='ocrx_word' id='word_1_365' title='bbox 648 2294 726 2348; x_wconf 80' lang='lat' dir='ltr'><strong>istoru</strong></span> <span class='ocrx_word' id='word_1_366' title='bbox 737 2293 917 2359; x_wconf 71' lang='lat' dir='ltr'><strong>decerpsisset</strong></span> <span class='ocrx_word' id='word_1_367' title='bbox 932 2289 1049 2347; x_wconf 79' lang='lat' dir='ltr'><strong>Pascha·</strong></span> <span class='ocrx_word' id='word_1_368' title='bbox 1099 2295 1171 2348; x_wconf 87' lang='lat' dir='ltr'><strong>auito</strong></span> <span class='ocrx_word' id='word_1_369' title='bbox 1184 2293 1330 2347; x_wconf 79' lang='lat' dir='ltr'><strong>discrimine</strong></span> <span class='ocrx_word' id='word_1_370' title='bbox 1341 2291 1468 2357; x_wconf 85' lang='lat' dir='ltr'><strong>odiribito,</strong></span> <span class='ocrx_word' id='word_1_371' title='bbox 1484 2293 1616 2347; x_wconf 84' lang='lat' dir='ltr'><strong>subtituto</strong></span> <span class='ocrx_word' id='word_1_372' title='bbox 1628 2309 1754 2346; x_wconf 78' lang='lat' dir='ltr'><strong>cononum</strong></span> <span class='ocrx_word' id='word_1_373' title='bbox 1770 2292 1878 2346; x_wconf 80' lang='lat' dir='ltr'><strong>dieuco-</strong></span> 
     </span>
     <span class='ocr_line' id='line_1_30' title="bbox 259 2355 1876 2435; baseline 0 -19"><span class='ocrx_word' id='word_1_374' title='bbox 259 2362 349 2432; x_wconf 89' lang='lat' dir='ltr'><strong>sinus,</strong></span> <span class='ocrx_word' id='word_1_375' title='bbox 365 2366 403 2419; x_wconf 90' lang='lat' dir='ltr'><strong>uti</strong></span> <span class='ocrx_word' id='word_1_376' title='bbox 419 2355 709 2433; x_wconf 86' lang='lat' dir='ltr'><strong>Constantinopolitahi</strong></span> <span class='ocrx_word' id='word_1_377' title='bbox 728 2377 762 2417; x_wconf 79' lang='lat' dir='ltr'><strong>ex</strong></span> <span class='ocrx_word' id='word_1_378' title='bbox 776 2376 825 2416; x_wconf 86' lang='lat' dir='ltr'><strong>stro</strong></span> <span class='ocrx_word' id='word_1_379' title='bbox 840 2359 963 2416; x_wconf 87' lang='lat' dir='ltr'><strong>cumdem</strong></span> <span class='ocrx_word' id='word_1_380' title='bbox 985 2376 1048 2431; x_wconf 71' lang='lat' dir='ltr'><strong>prm</strong></span> <span class='ocrx_word' id='word_1_381' title='bbox 1098 2380 1167 2417; x_wconf 86' lang='lat' dir='ltr'><strong>rum.</strong></span> <span class='ocrx_word' id='word_1_382' title='bbox 1180 2361 1326 2418; x_wconf 73' lang='lat' dir='ltr'><strong>Probabilis</strong></span> <span class='ocrx_word' id='word_1_383' title='bbox 1338 2363 1450 2432; x_wconf 82' lang='lat' dir='ltr'><strong>quidem,</strong></span> <span class='ocrx_word' id='word_1_384' title='bbox 1468 2363 1608 2429; x_wconf 78' lang='lat' dir='ltr'><strong>addicitis,</strong></span> <span class='ocrx_word' id='word_1_385' title='bbox 1624 2366 1789 2435; x_wconf 75' lang='lat' dir='ltr'><strong>conjecturs,</strong></span> <span class='ocrx_word' id='word_1_386' title='bbox 1804 2366 1824 2416; x_wconf 85' lang='lat' dir='ltr'><strong>si</strong></span> <span class='ocrx_word' id='word_1_387' title='bbox 1840 2378 1876 2415; x_wconf 81' lang='lat' dir='ltr'><strong>u·</strong></span> 
     </span>
     <span class='ocr_line' id='line_1_31' title="bbox 260 2429 1877 2503; baseline 0 -18"><span class='ocrx_word' id='word_1_388' title='bbox 260 2434 354 2490; x_wconf 86' lang='lat' dir='ltr'><strong>tiriere.</strong></span> <span class='ocrx_word' id='word_1_389' title='bbox 369 2433 458 2491; x_wconf 85' lang='lat' dir='ltr'><strong>Unum</strong></span> <span class='ocrx_word' id='word_1_390' title='bbox 478 2435 586 2491; x_wconf 87' lang='lat' dir='ltr'><strong>obstare</strong></span> <span class='ocrx_word' id='word_1_391' title='bbox 597 2434 717 2499; x_wconf 83' lang='lat' dir='ltr'><strong>ridetur,</strong></span> <span class='ocrx_word' id='word_1_392' title='bbox 732 2433 803 2503; x_wconf 90' lang='lat' dir='ltr'><strong>quud</strong></span> <span class='ocrx_word' id='word_1_393' title='bbox 818 2429 943 2486; x_wconf 85' lang='lat' dir='ltr'><strong>uidelicet</strong></span> <span class='ocrx_word' id='word_1_394' title='bbox 954 2441 1048 2486; x_wconf 81' lang='lat' dir='ltr'><strong>sertus</strong></span> <span class='ocrx_word' id='word_1_395' title='bbox 1099 2435 1161 2489; x_wconf 85' lang='lat' dir='ltr'><strong>tosti</strong></span> <span class='ocrx_word' id='word_1_396' title='bbox 1170 2435 1266 2488; x_wconf 84' lang='lat' dir='ltr'><strong>codicis</strong></span> <span class='ocrx_word' id='word_1_397' title='bbox 1280 2434 1432 2488; x_wconf 76' lang='lat' dir='ltr'><strong>austeritate</strong></span> <span class='ocrx_word' id='word_1_398' title='bbox 1443 2434 1575 2496; x_wconf 78' lang='lat' dir='ltr'><strong>reiteretur,</strong></span> <span class='ocrx_word' id='word_1_399' title='bbox 1588 2435 1632 2503; x_wconf 83' lang='lat' dir='ltr'><strong>qai</strong></span> <span class='ocrx_word' id='word_1_400' title='bbox 1641 2435 1756 2486; x_wconf 80' lang='lat' dir='ltr'><strong>noudum</strong></span> <span class='ocrx_word' id='word_1_401' title='bbox 1765 2436 1877 2486; x_wconf 81' lang='lat' dir='ltr'><strong>emersitc</strong></span> 
     </span>
     <span class='ocr_line' id='line_1_32' title="bbox 259 2501 1875 2574; baseline 0 -17"><span class='ocrx_word' id='word_1_402' title='bbox 259 2518 375 2560; x_wconf 87' lang='lat' dir='ltr'><strong>canona</strong></span> <span class='ocrx_word' id='word_1_403' title='bbox 393 2503 558 2561; x_wconf 87' lang='lat' dir='ltr'><strong>Paschasinn</strong></span> <span class='ocrx_word' id='word_1_404' title='bbox 577 2512 746 2567; x_wconf 83' lang='lat' dir='ltr'><strong>numeretur,</strong></span> <span class='ocrx_word' id='word_1_405' title='bbox 762 2502 807 2573; x_wconf 94' lang='lat' dir='ltr'><strong>qui</strong></span> <span class='ocrx_word' id='word_1_406' title='bbox 822 2502 944 2558; x_wconf 90' lang='lat' dir='ltr'><strong>decimus</strong></span> <span class='ocrx_word' id='word_1_407' title='bbox 962 2510 1005 2557; x_wconf 88' lang='lat' dir='ltr'><strong>est</strong></span> <span class='ocrx_word' id='word_1_408' title='bbox 1019 2503 1047 2557; x_wconf 91' lang='lat' dir='ltr'><strong>in</strong></span> <span class='ocrx_word' id='word_1_409' title='bbox 1099 2501 1311 2559; x_wconf 85' lang='lat' dir='ltr'><strong>tenebris.lmmo</strong></span> <span class='ocrx_word' id='word_1_410' title='bbox 1325 2518 1390 2558; x_wconf 85' lang='lat' dir='ltr'><strong>vern</strong></span> <span class='ocrx_word' id='word_1_411' title='bbox 1401 2505 1456 2574; x_wconf 82' lang='lat' dir='ltr'><strong>jam</strong></span> <span class='ocrx_word' id='word_1_412' title='bbox 1473 2519 1504 2559; x_wconf 85' lang='lat' dir='ltr'><strong>es</strong></span> <span class='ocrx_word' id='word_1_413' title='bbox 1521 2513 1596 2573; x_wconf 75' lang='lat' dir='ltr'><strong>perte</strong></span> <span class='ocrx_word' id='word_1_414' title='bbox 1605 2506 1875 2572; x_wconf 62' lang='lat' dir='ltr'><strong>ernerssratiipepera</strong></span> 
     </span>
     <span class='ocr_line' id='line_1_33' title="bbox 259 2572 1876 2645; baseline -0.001 -16"><span class='ocrx_word' id='word_1_415' title='bbox 259 2575 362 2631; x_wconf 87' lang='lat' dir='ltr'><strong>codice.</strong></span> <span class='ocrx_word' id='word_1_416' title='bbox 378 2574 450 2632; x_wconf 89' lang='lat' dir='ltr'><strong>istud</strong></span> <span class='ocrx_word' id='word_1_417' title='bbox 471 2590 552 2645; x_wconf 88' lang='lat' dir='ltr'><strong>porro</strong></span> <span class='ocrx_word' id='word_1_418' title='bbox 571 2590 624 2630; x_wconf 92' lang='lat' dir='ltr'><strong>non</strong></span> <span class='ocrx_word' id='word_1_419' title='bbox 643 2581 687 2631; x_wconf 91' lang='lat' dir='ltr'><strong>est</strong></span> <span class='ocrx_word' id='word_1_420' title='bbox 703 2588 785 2644; x_wconf 77' lang='lat' dir='ltr'><strong>graus</strong></span> <span class='ocrx_word' id='word_1_421' title='bbox 798 2582 973 2628; x_wconf 87' lang='lat' dir='ltr'><strong>momentum.</strong></span> <span class='ocrx_word' id='word_1_422' title='bbox 990 2572 1048 2627; x_wconf 84' lang='lat' dir='ltr'><strong>Pri·</strong></span> <span class='ocrx_word' id='word_1_423' title='bbox 1101 2575 1179 2630; x_wconf 81' lang='lat' dir='ltr'><strong>biani</strong></span> <span class='ocrx_word' id='word_1_424' title='bbox 1193 2576 1271 2644; x_wconf 80' lang='lat' dir='ltr'><strong>Cupi,</strong></span> <span class='ocrx_word' id='word_1_425' title='bbox 1286 2573 1313 2629; x_wconf 89' lang='lat' dir='ltr'><strong>ln</strong></span> <span class='ocrx_word' id='word_1_426' title='bbox 1338 2574 1425 2643; x_wconf 90' lang='lat' dir='ltr'><strong>primo</strong></span> <span class='ocrx_word' id='word_1_427' title='bbox 1449 2574 1573 2644; x_wconf 75' lang='lat' dir='ltr'><strong>dialogo,</strong></span> <span class='ocrx_word' id='word_1_428' title='bbox 1601 2574 1803 2637; x_wconf 74' lang='lat' dir='ltr'><strong>suthctebscme</strong></span> <span class='ocrx_word' id='word_1_429' title='bbox 1823 2587 1876 2643; x_wconf 73' lang='lat' dir='ltr'><strong>pars</strong></span> 
     </span>
     <span class='ocr_line' id='line_1_34' title="bbox 259 2643 1875 2718; baseline -0.001 -20"><span class='ocrx_word' id='word_1_430' title='bbox 259 2659 333 2701; x_wconf 86' lang='lat' dir='ltr'><strong>mina</strong></span> <span class='ocrx_word' id='word_1_431' title='bbox 348 2646 419 2701; x_wconf 92' lang='lat' dir='ltr'><strong>euim</strong></span> <span class='ocrx_word' id='word_1_432' title='bbox 435 2645 511 2701; x_wconf 82' lang='lat' dir='ltr'><strong>tacite</strong></span> <span class='ocrx_word' id='word_1_433' title='bbox 523 2644 572 2702; x_wconf 90' lang='lat' dir='ltr'><strong>iuit</strong></span> <span class='ocrx_word' id='word_1_434' title='bbox 582 2646 663 2718; x_wconf 77' lang='lat'><strong>713</strong></span> <span class='ocrx_word' id='word_1_435' title='bbox 676 2654 781 2700; x_wconf 88' lang='lat' dir='ltr'><strong>sestam</strong></span> <span class='ocrx_word' id='word_1_436' title='bbox 792 2643 956 2713; x_wconf 87' lang='lat' dir='ltr'><strong>prodecimo</strong></span> <span class='ocrx_word' id='word_1_437' title='bbox 969 2658 1049 2712; x_wconf 85' lang='lat' dir='ltr'><strong>repo·</strong></span> <span class='ocrx_word' id='word_1_438' title='bbox 1099 2646 1182 2710; x_wconf 87' lang='lat' dir='ltr'><strong>edita,</strong></span> <span class='ocrx_word' id='word_1_439' title='bbox 1198 2657 1227 2700; x_wconf 90' lang='lat' dir='ltr'><strong>ut</strong></span> <span class='ocrx_word' id='word_1_440' title='bbox 1241 2646 1428 2700; x_wconf 72' lang='lat' dir='ltr'><strong>hereticorum</strong></span> <span class='ocrx_word' id='word_1_441' title='bbox 1453 2646 1600 2711; x_wconf 86' lang='lat' dir='ltr'><strong>pervicacia</strong></span> <span class='ocrx_word' id='word_1_442' title='bbox 1623 2646 1822 2707; x_wconf 66' lang='lat' dir='ltr'><strong>retimdrretum</strong></span> <span class='ocrx_word' id='word_1_443' title='bbox 1835 2644 1875 2697; x_wconf 84' lang='lat' dir='ltr'><strong>sed</strong></span> 
     </span>
     <span class='ocr_line' id='line_1_35' title="bbox 258 2712 1875 2787; baseline -0.001 -19"><span class='ocrx_word' id='word_1_444' title='bbox 258 2713 340 2771; x_wconf 88' lang='lat' dir='ltr'><strong>situm</strong></span> <span class='ocrx_word' id='word_1_445' title='bbox 357 2731 417 2772; x_wconf 84' lang='lat' dir='ltr'><strong>esse</strong></span> <span class='ocrx_word' id='word_1_446' title='bbox 430 2731 446 2771; x_wconf 89' lang='lat' dir='ltr'><strong>a</strong></span> <span class='ocrx_word' id='word_1_447' title='bbox 465 2717 553 2772; x_wconf 89' lang='lat' dir='ltr'><strong>seriha</strong></span> <span class='ocrx_word' id='word_1_448' title='bbox 568 2719 609 2772; x_wconf 89' lang='lat' dir='ltr'><strong>tei</strong></span> <span class='ocrx_word' id='word_1_449' title='bbox 629 2720 718 2787; x_wconf 88' lang='lat' dir='ltr'><strong>aliquo</strong></span> <span class='ocrx_word' id='word_1_450' title='bbox 739 2713 834 2784; x_wconf 80' lang='lat' dir='ltr'><strong>synodi</strong></span> <span class='ocrx_word' id='word_1_451' title='bbox 856 2712 1047 2776; x_wconf 83' lang='lat' dir='ltr'><strong>emendatore,</strong></span> <span class='ocrx_word' id='word_1_452' title='bbox 1100 2731 1170 2772; x_wconf 85' lang='lat' dir='ltr'><strong>rrunc</strong></span> <span class='ocrx_word' id='word_1_453' title='bbox 1185 2716 1291 2771; x_wconf 88' lang='lat' dir='ltr'><strong>tandem</strong></span> <span class='ocrx_word' id='word_1_454' title='bbox 1305 2715 1390 2771; x_wconf 85' lang='lat' dir='ltr'><strong>codex</strong></span> <span class='ocrx_word' id='word_1_455' title='bbox 1404 2717 1508 2784; x_wconf 73' lang='lat' dir='ltr'><strong>integer</strong></span> <span class='ocrx_word' id='word_1_456' title='bbox 1519 2717 1609 2786; x_wconf 86' lang='lat' dir='ltr'><strong>prodit</strong></span> <span class='ocrx_word' id='word_1_457' title='bbox 1619 2717 1646 2770; x_wconf 94' lang='lat' dir='ltr'><strong>in</strong></span> <span class='ocrx_word' id='word_1_458' title='bbox 1660 2716 1758 2781; x_wconf 86' lang='lat' dir='ltr'><strong>iucem,</strong></span> <span class='ocrx_word' id='word_1_459' title='bbox 1773 2720 1875 2781; x_wconf 77' lang='lat' dir='ltr'><strong>eiusque</strong></span> 
     </span>
     <span class='ocr_line' id='line_1_36' title="bbox 258 2784 1872 2857; baseline -0.002 -16"><span class='ocrx_word' id='word_1_460' title='bbox 258 2786 305 2857; x_wconf 85' lang='lat' dir='ltr'><strong>qui</strong></span> <span class='ocrx_word' id='word_1_461' title='bbox 319 2785 534 2847; x_wconf 79' lang='lat' dir='ltr'><strong>animadvertens</strong></span> <span class='ocrx_word' id='word_1_462' title='bbox 546 2788 573 2843; x_wconf 92' lang='lat' dir='ltr'><strong>in</strong></span> <span class='ocrx_word' id='word_1_463' title='bbox 587 2787 647 2843; x_wconf 88' lang='lat' dir='ltr'><strong>aliis</strong></span> <span class='ocrx_word' id='word_1_464' title='bbox 660 2786 786 2842; x_wconf 91' lang='lat' dir='ltr'><strong>omnihus</strong></span> <span class='ocrx_word' id='word_1_465' title='bbox 799 2785 856 2839; x_wconf 89' lang='lat' dir='ltr'><strong>sire</strong></span> <span class='ocrx_word' id='word_1_466' title='bbox 866 2784 978 2851; x_wconf 75' lang='lat' dir='ltr'><strong>Grecis,</strong></span> <span class='ocrx_word' id='word_1_467' title='bbox 990 2785 1049 2842; x_wconf 80' lang='lat' dir='ltr'><strong>sise</strong></span> <span class='ocrx_word' id='word_1_468' title='bbox 1099 2802 1151 2852; x_wconf 86' lang='lat' dir='ltr'><strong>ope</strong></span> <span class='ocrx_word' id='word_1_469' title='bbox 1162 2786 1311 2857; x_wconf 89' lang='lat' dir='ltr'><strong>probabilis</strong></span> <span class='ocrx_word' id='word_1_470' title='bbox 1331 2787 1524 2841; x_wconf 88' lang='lat' dir='ltr'><strong>culroiicorum</strong></span> <span class='ocrx_word' id='word_1_471' title='bbox 1545 2788 1706 2855; x_wconf 75' lang='lat' dir='ltr'><strong>scriptorum</strong></span> <span class='ocrx_word' id='word_1_472' title='bbox 1730 2787 1872 2852; x_wconf 82' lang='lat' dir='ltr'><strong>conjectura</strong></span> 
     </span>
     <span class='ocr_line' id='line_1_37' title="bbox 259 2854 1874 2929; baseline -0.001 -19"><span class='ocrx_word' id='word_1_473' title='bbox 259 2854 378 2923; x_wconf 83' lang='lat' dir='ltr'><strong>Latinis,</strong></span> <span class='ocrx_word' id='word_1_474' title='bbox 395 2857 452 2914; x_wconf 83' lang='lat' dir='ltr'><strong>sire</strong></span> <span class='ocrx_word' id='word_1_475' title='bbox 473 2857 587 2913; x_wconf 86' lang='lat' dir='ltr'><strong>aliarum</strong></span> <span class='ocrx_word' id='word_1_476' title='bbox 603 2859 742 2929; x_wconf 77' lang='lat' dir='ltr'><strong>regionum</strong></span> <span class='ocrx_word' id='word_1_477' title='bbox 756 2855 894 2911; x_wconf 80' lang='lat' dir='ltr'><strong>codicibus</strong></span> <span class='ocrx_word' id='word_1_478' title='bbox 914 2869 1048 2911; x_wconf 89' lang='lat' dir='ltr'><strong>canonem</strong></span> <span class='ocrx_word' id='word_1_479' title='bbox 1100 2856 1126 2912; x_wconf 92' lang='lat' dir='ltr'><strong>in</strong></span> <span class='ocrx_word' id='word_1_480' title='bbox 1136 2868 1238 2912; x_wconf 73' lang='lat' dir='ltr'><strong>eertum</strong></span> <span class='ocrx_word' id='word_1_481' title='bbox 1250 2857 1304 2927; x_wconf 80' lang='lat' dir='ltr'><strong>jam</strong></span> <span class='ocrx_word' id='word_1_482' title='bbox 1319 2856 1409 2911; x_wconf 88' lang='lat' dir='ltr'><strong>eradit</strong></span> <span class='ocrx_word' id='word_1_483' title='bbox 1420 2867 1620 2926; x_wconf 76' lang='lat' dir='ltr'><strong>arqrrmentruu,</strong></span> <span class='ocrx_word' id='word_1_484' title='bbox 1637 2873 1690 2919; x_wconf 83' lang='lat' dir='ltr'><strong>qrro</strong></span> <span class='ocrx_word' id='word_1_485' title='bbox 1703 2857 1780 2910; x_wconf 85' lang='lat' dir='ltr'><strong>simrrl</strong></span> <span class='ocrx_word' id='word_1_486' title='bbox 1795 2868 1821 2911; x_wconf 88' lang='lat' dir='ltr'><strong>et</strong></span> <span class='ocrx_word' id='word_1_487' title='bbox 1837 2857 1874 2923; x_wconf 81' lang='lat' dir='ltr'><strong>pia</strong></span> 
     </span>
     <span class='ocr_line' id='line_1_38' title="bbox 258 2926 1874 2998; baseline -0.001 -17"><span class='ocrx_word' id='word_1_488' title='bbox 258 2926 339 2982; x_wconf 89' lang='lat' dir='ltr'><strong>istum</strong></span> <span class='ocrx_word' id='word_1_489' title='bbox 354 2941 403 2998; x_wconf 88' lang='lat' dir='ltr'><strong>pre</strong></span> <span class='ocrx_word' id='word_1_490' title='bbox 417 2939 494 2984; x_wconf 82' lang='lat' dir='ltr'><strong>sexto</strong></span> <span class='ocrx_word' id='word_1_491' title='bbox 511 2928 620 2991; x_wconf 86' lang='lat' dir='ltr'><strong>baberi,</strong></span> <span class='ocrx_word' id='word_1_492' title='bbox 642 2938 722 2997; x_wconf 89' lang='lat' dir='ltr'><strong>atque</strong></span> <span class='ocrx_word' id='word_1_493' title='bbox 742 2941 775 2981; x_wconf 93' lang='lat' dir='ltr'><strong>eo</strong></span> <span class='ocrx_word' id='word_1_494' title='bbox 793 2940 906 2981; x_wconf 86' lang='lat' dir='ltr'><strong>numere</strong></span> <span class='ocrx_word' id='word_1_495' title='bbox 927 2935 1048 2981; x_wconf 81' lang='lat' dir='ltr'><strong>numium</strong></span> <span class='ocrx_word' id='word_1_496' title='bbox 1100 2928 1235 2997; x_wconf 86' lang='lat' dir='ltr'><strong>pontidcis</strong></span> <span class='ocrx_word' id='word_1_497' title='bbox 1249 2926 1377 2982; x_wconf 72' lang='lat' dir='ltr'><strong>uncinatis</strong></span> <span class='ocrx_word' id='word_1_498' title='bbox 1395 2928 1617 2982; x_wconf 82' lang='lat' dir='ltr'><strong>maledicentibus</strong></span> <span class='ocrx_word' id='word_1_499' title='bbox 1638 2928 1736 2995; x_wconf 73' lang='lat' dir='ltr'><strong>linguis</strong></span> <span class='ocrx_word' id='word_1_500' title='bbox 1746 2930 1874 2997; x_wconf 81' lang='lat' dir='ltr'><strong>eripiatur.</strong></span> 
     </span>
     <span class='ocr_line' id='line_1_39' title="bbox 259 2995 1875 3069; baseline 0 -18"><span class='ocrx_word' id='word_1_501' title='bbox 259 2995 677 3069; x_wconf 80' lang='lat' dir='ltr'><strong>iuisseaCunstantinopolitane</strong></span> <span class='ocrx_word' id='word_1_502' title='bbox 689 2998 815 3052; x_wconf 77' lang='lat' dir='ltr'><strong>Ecclesiae</strong></span> <span class='ocrx_word' id='word_1_503' title='bbox 825 2996 983 3060; x_wconf 81' lang='lat' dir='ltr'><strong>secretaria,</strong></span> <span class='ocrx_word' id='word_1_504' title='bbox 995 3012 1047 3052; x_wconf 84' lang='lat' dir='ltr'><strong>riou</strong></span> <span class='ocrx_word' id='word_1_505' title='bbox 1099 3008 1127 3053; x_wconf 91' lang='lat' dir='ltr'><strong>et</strong></span> <span class='ocrx_word' id='word_1_506' title='bbox 1140 2998 1225 3053; x_wconf 85' lang='lat' dir='ltr'><strong>codex</strong></span> <span class='ocrx_word' id='word_1_507' title='bbox 1242 3002 1298 3066; x_wconf 74' lang='lat' dir='ltr'><strong>ipse</strong></span> <span class='ocrx_word' id='word_1_508' title='bbox 1317 3000 1452 3053; x_wconf 87' lang='lat' dir='ltr'><strong>iionrauus</strong></span> <span class='ocrx_word' id='word_1_509' title='bbox 1473 2997 1555 3051; x_wconf 86' lang='lat' dir='ltr'><strong>inisse</strong></span> <span class='ocrx_word' id='word_1_510' title='bbox 1583 2998 1782 3065; x_wconf 85' lang='lat' dir='ltr'><strong>pronrrudctur.</strong></span> <span class='ocrx_word' id='word_1_511' title='bbox 1808 2997 1875 3064; x_wconf 80' lang='lat' dir='ltr'><strong>Quot</strong></span> 
     </span>
     <span class='ocr_line' id='line_1_40' title="bbox 257 3065 1878 3139; baseline -0.004 -11"><span class='ocrx_word' id='word_1_512' title='bbox 257 3067 389 3128; x_wconf 85' lang='lat' dir='ltr'><strong>dubitauit</strong></span> <span class='ocrx_word' id='word_1_513' title='bbox 402 3070 560 3128; x_wconf 88' lang='lat' dir='ltr'><strong>mendosum</strong></span> <span class='ocrx_word' id='word_1_514' title='bbox 575 3083 635 3125; x_wconf 88' lang='lat' dir='ltr'><strong>esse</strong></span> <span class='ocrx_word' id='word_1_515' title='bbox 655 3070 806 3126; x_wconf 81' lang='lat' dir='ltr'><strong>Romanum</strong></span> <span class='ocrx_word' id='word_1_516' title='bbox 829 3078 989 3124; x_wconf 87' lang='lat' dir='ltr'><strong>numerum·</strong></span> <span class='ocrx_word' id='word_1_517' title='bbox 1007 3075 1042 3121; x_wconf 85' lang='lat' dir='ltr'><strong>at·</strong></span> <span class='ocrx_word' id='word_1_518' title='bbox 1100 3069 1213 3125; x_wconf 91' lang='lat' dir='ltr'><strong>enimin</strong></span> <span class='ocrx_word' id='word_1_519' title='bbox 1229 3068 1368 3139; x_wconf 78' lang='lat' dir='ltr'><strong>marginali</strong></span> <span class='ocrx_word' id='word_1_520' title='bbox 1379 3069 1552 3124; x_wconf 77' lang='lat' dir='ltr'><strong>assumtione</strong></span> <span class='ocrx_word' id='word_1_521' title='bbox 1565 3067 1617 3124; x_wconf 89' lang='lat' dir='ltr'><strong>loci</strong></span> <span class='ocrx_word' id='word_1_522' title='bbox 1629 3068 1754 3136; x_wconf 87' lang='lat' dir='ltr'><strong>superius</strong></span> <span class='ocrx_word' id='word_1_523' title='bbox 1763 3065 1878 3134; x_wconf 81' lang='lat' dir='ltr'><strong>descripti</strong></span> 
     </span>
     <span class='ocr_line' id='line_1_41' title="bbox 257 3135 1877 3209; baseline 0.001 -17"><span class='ocrx_word' id='word_1_524' title='bbox 257 3154 312 3206; x_wconf 88' lang='lat' dir='ltr'><strong>que</strong></span> <span class='ocrx_word' id='word_1_525' title='bbox 324 3140 360 3196; x_wconf 88' lang='lat' dir='ltr'><strong>ita</strong></span> <span class='ocrx_word' id='word_1_526' title='bbox 380 3141 521 3208; x_wconf 87' lang='lat' dir='ltr'><strong>utrobique</strong></span> <span class='ocrx_word' id='word_1_527' title='bbox 542 3149 648 3198; x_wconf 79' lang='lat' dir='ltr'><strong>sertum</strong></span> <span class='ocrx_word' id='word_1_528' title='bbox 662 3153 722 3204; x_wconf 78' lang='lat' dir='ltr'><strong>csse</strong></span> <span class='ocrx_word' id='word_1_529' title='bbox 738 3138 830 3193; x_wconf 72' lang='lat' dir='ltr'><strong>solidi.</strong></span> <span class='ocrx_word' id='word_1_530' title='bbox 849 3135 915 3192; x_wconf 85' lang='lat' dir='ltr'><strong>Dein</strong></span> <span class='ocrx_word' id='word_1_531' title='bbox 926 3140 951 3192; x_wconf 92' lang='lat' dir='ltr'><strong>le</strong></span> <span class='ocrx_word' id='word_1_532' title='bbox 969 3136 1082 3202; x_wconf 84' lang='lat' dir='ltr'><strong>iacileC</strong></span> <span class='ocrx_word' id='word_1_533' title='bbox 1098 3140 1250 3209; x_wconf 89' lang='lat' dir='ltr'><strong>stephanus</strong></span> <span class='ocrx_word' id='word_1_534' title='bbox 1265 3141 1468 3195; x_wconf 71' lang='lat' dir='ltr'><strong>baluzius-istud</strong></span> <span class='ocrx_word' id='word_1_535' title='bbox 1483 3139 1509 3194; x_wconf 92' lang='lat' dir='ltr'><strong>in</strong></span> <span class='ocrx_word' id='word_1_536' title='bbox 1518 3141 1637 3195; x_wconf 85' lang='lat' dir='ltr'><strong>codicem</strong></span> <span class='ocrx_word' id='word_1_537' title='bbox 1648 3139 1877 3209; x_wconf 79' lang='lat' dir='ltr'><strong>Gbristopboriin·</strong></span> 
     </span>
     <span class='ocr_line' id='line_1_42' title="bbox 258 3206 1875 3279; baseline -0.002 -14"><span class='ocrx_word' id='word_1_538' title='bbox 258 3210 308 3267; x_wconf 93' lang='lat' dir='ltr'><strong>iuit</strong></span> <span class='ocrx_word' id='word_1_539' title='bbox 318 3220 348 3266; x_wconf 91' lang='lat' dir='ltr'><strong>ut</strong></span> <span class='ocrx_word' id='word_1_540' title='bbox 363 3211 389 3266; x_wconf 89' lang='lat' dir='ltr'><strong>in</strong></span> <span class='ocrx_word' id='word_1_541' title='bbox 402 3211 496 3267; x_wconf 79' lang='lat' dir='ltr'><strong>Graeco</strong></span> <span class='ocrx_word' id='word_1_542' title='bbox 510 3209 657 3279; x_wconf 83' lang='lat' dir='ltr'><strong>exemplari</strong></span> <span class='ocrx_word' id='word_1_543' title='bbox 670 3211 739 3272; x_wconf 77' lang='grc' dir='ltr'><strong>ἕκτος</strong></span> <span class='ocrx_word' id='word_1_544' title='bbox 750 3224 799 3278; x_wconf 92' lang='lat' dir='ltr'><strong>pro</strong></span> <span class='ocrx_word' id='word_1_545' title='bbox 814 3206 919 3269; x_wconf 75' lang='grc' dir='ltr'>δέκατος</span> <span class='ocrx_word' id='word_1_546' title='bbox 931 3208 1046 3275; x_wconf 85' lang='lat' dir='ltr'><strong>irrcpsc·</strong></span> <span class='ocrx_word' id='word_1_547' title='bbox 1098 3213 1167 3266; x_wconf 89' lang='lat' dir='ltr'><strong>stedi</strong></span> <span class='ocrx_word' id='word_1_548' title='bbox 1181 3211 1327 3266; x_wconf 89' lang='lat' dir='ltr'><strong>transicrre</strong></span> <span class='ocrx_word' id='word_1_549' title='bbox 1342 3209 1458 3275; x_wconf 83' lang='lat' dir='ltr'><strong>ridetur,</strong></span> <span class='ocrx_word' id='word_1_550' title='bbox 1474 3224 1538 3276; x_wconf 88' lang='lat' dir='ltr'><strong>pace</strong></span> <span class='ocrx_word' id='word_1_551' title='bbox 1554 3211 1625 3265; x_wconf 89' lang='lat' dir='ltr'><strong>iilius</strong></span> <span class='ocrx_word' id='word_1_552' title='bbox 1635 3210 1769 3278; x_wconf 80' lang='lat' dir='ltr'><strong>dixerim,</strong></span> <span class='ocrx_word' id='word_1_553' title='bbox 1786 3210 1825 3279; x_wconf 80' lang='lat' dir='ltr'><strong>(pi</strong></span> <span class='ocrx_word' id='word_1_554' title='bbox 1835 3210 1875 3262; x_wconf 84' lang='lat' dir='ltr'><strong>de·</strong></span> 
     </span>
     <span class='ocr_line' id='line_1_43' title="bbox 257 3276 1875 3352; baseline -0.002 -15"><span class='ocrx_word' id='word_1_555' title='bbox 257 3283 304 3348; x_wconf 91' lang='lat' dir='ltr'><strong>rit,</strong></span> <span class='ocrx_word' id='word_1_556' title='bbox 318 3283 434 3352; x_wconf 87' lang='lat' dir='ltr'><strong>demptis</strong></span> <span class='ocrx_word' id='word_1_557' title='bbox 446 3281 551 3339; x_wconf 88' lang='lat' dir='ltr'><strong>scilicet</strong></span> <span class='ocrx_word' id='word_1_558' title='bbox 564 3298 597 3339; x_wconf 83' lang='lat' dir='ltr'><strong>ex</strong></span> <span class='ocrx_word' id='word_1_559' title='bbox 615 3281 758 3351; x_wconf 67' lang='lat' dir='ltr'><strong>posteriori</strong></span> <span class='ocrx_word' id='word_1_560' title='bbox 773 3277 878 3335; x_wconf 80' lang='lat' dir='ltr'><strong>duabus</strong></span> <span class='ocrx_word' id='word_1_561' title='bbox 893 3279 1017 3333; x_wconf 74' lang='lat' dir='ltr'><strong>litterulis</strong></span> <span class='ocrx_word' id='word_1_562' title='bbox 1031 3279 1046 3336; x_wconf 84' lang='grc' dir='ltr'><em>δ</em></span> <span class='ocrx_word' id='word_1_563' title='bbox 1097 3281 1168 3338; x_wconf 92' lang='lat' dir='ltr'><strong>iendi</strong></span> <span class='ocrx_word' id='word_1_564' title='bbox 1182 3296 1235 3336; x_wconf 91' lang='lat' dir='ltr'><strong>non</strong></span> <span class='ocrx_word' id='word_1_565' title='bbox 1247 3290 1345 3352; x_wconf 86' lang='lat' dir='ltr'><strong>potest.</strong></span> <span class='ocrx_word' id='word_1_566' title='bbox 1357 3280 1426 3335; x_wconf 80' lang='lat' dir='ltr'><strong>Nihil</strong></span> <span class='ocrx_word' id='word_1_567' title='bbox 1441 3281 1540 3352; x_wconf 91' lang='lat' dir='ltr'><strong>quippe</strong></span> <span class='ocrx_word' id='word_1_568' title='bbox 1550 3290 1592 3337; x_wconf 81' lang='lat' dir='ltr'><strong>est</strong></span> <span class='ocrx_word' id='word_1_569' title='bbox 1603 3281 1629 3335; x_wconf 95' lang='lat' dir='ltr'><strong>in</strong></span> <span class='ocrx_word' id='word_1_570' title='bbox 1640 3296 1674 3336; x_wconf 90' lang='lat' dir='ltr'><strong>eo</strong></span> <span class='ocrx_word' id='word_1_571' title='bbox 1685 3276 1875 3336; x_wconf 82' lang='lat' dir='ltr'><strong>rodiceiustclii</strong></span> 
     </span>
     <span class='ocr_line' id='line_1_44' title="bbox 257 3349 1875 3421; baseline -0.003 -13"><span class='ocrx_word' id='word_1_572' title='bbox 257 3363 284 3408; x_wconf 89' lang='lat' dir='ltr'><strong>et</strong></span> <span class='ocrx_word' id='word_1_573' title='bbox 298 3376 324 3418; x_wconf 80' lang='grc' dir='ltr'><strong>α,</strong></span> <span class='ocrx_word' id='word_1_574' title='bbox 338 3368 370 3410; x_wconf 92' lang='lat' dir='ltr'><strong>ac</strong></span> <span class='ocrx_word' id='word_1_575' title='bbox 383 3350 482 3411; x_wconf 86' lang='lat' dir='ltr'><strong>deiude</strong></span> <span class='ocrx_word' id='word_1_576' title='bbox 495 3368 528 3409; x_wconf 84' lang='lat' dir='ltr'><strong>er</strong></span> <span class='ocrx_word' id='word_1_577' title='bbox 544 3352 641 3410; x_wconf 84' lang='lat' dir='ltr'><strong>Gracco</strong></span> <span class='ocrx_word' id='word_1_578' title='bbox 654 3350 778 3408; x_wconf 83' lang='lat' dir='ltr'><strong>Latinum</strong></span> <span class='ocrx_word' id='word_1_579' title='bbox 790 3350 860 3406; x_wconf 92' lang='lat' dir='ltr'><strong>male</strong></span> <span class='ocrx_word' id='word_1_580' title='bbox 870 3349 978 3419; x_wconf 77' lang='lat' dir='ltr'><strong>corrigi.</strong></span> <span class='ocrx_word' id='word_1_581' title='bbox 994 3350 1044 3407; x_wconf 84' lang='lat' dir='ltr'><strong>ile·</strong></span> <span class='ocrx_word' id='word_1_582' title='bbox 1096 3354 1168 3421; x_wconf 91' lang='lat' dir='ltr'><strong>quod</strong></span> <span class='ocrx_word' id='word_1_583' title='bbox 1182 3352 1317 3412; x_wconf 76' lang='lat' dir='ltr'><strong>zosimum</strong></span> <span class='ocrx_word' id='word_1_584' title='bbox 1331 3351 1358 3406; x_wconf 92' lang='lat' dir='ltr'><strong>in</strong></span> <span class='ocrx_word' id='word_1_585' title='bbox 1372 3366 1491 3406; x_wconf 82' lang='lat' dir='ltr'><strong>errorem</strong></span> <span class='ocrx_word' id='word_1_586' title='bbox 1507 3354 1636 3417; x_wconf 83' lang='lat' dir='ltr'><strong>potuisset</strong></span> <span class='ocrx_word' id='word_1_587' title='bbox 1651 3351 1788 3406; x_wconf 84' lang='lat' dir='ltr'><strong>inducere.</strong></span> <span class='ocrx_word' id='word_1_588' title='bbox 1799 3350 1875 3418; x_wconf 79' lang='lat' dir='ltr'><strong>Subii-</strong></span> 
     </span>
     <span class='ocr_line' id='line_1_45' title="bbox 258 3420 1875 3495; baseline -0.002 -16"><span class='ocrx_word' id='word_1_589' title='bbox 258 3427 341 3495; x_wconf 88' lang='lat' dir='ltr'><strong>uique</strong></span> <span class='ocrx_word' id='word_1_590' title='bbox 356 3423 535 3482; x_wconf 86' lang='lat' dir='ltr'><strong>Paschasinus</strong></span> <span class='ocrx_word' id='word_1_591' title='bbox 551 3425 619 3492; x_wconf 88' lang='lat' dir='ltr'><strong>ipsc,</strong></span> <span class='ocrx_word' id='word_1_592' title='bbox 631 3424 676 3493; x_wconf 89' lang='lat' dir='ltr'><strong>qui</strong></span> <span class='ocrx_word' id='word_1_593' title='bbox 692 3437 745 3476; x_wconf 92' lang='lat' dir='ltr'><strong>uon</strong></span> <span class='ocrx_word' id='word_1_594' title='bbox 759 3420 900 3492; x_wconf 76' lang='lat' dir='ltr'><strong>ignorabat</strong></span> <span class='ocrx_word' id='word_1_595' title='bbox 913 3435 1046 3477; x_wconf 88' lang='lat' dir='ltr'><strong>canonem</strong></span> <span class='ocrx_word' id='word_1_596' title='bbox 1097 3424 1205 3480; x_wconf 88' lang='lat' dir='ltr'><strong>ciuntur</strong></span> <span class='ocrx_word' id='word_1_597' title='bbox 1219 3423 1327 3490; x_wconf 90' lang='lat' dir='ltr'><strong>quidem</strong></span> <span class='ocrx_word' id='word_1_598' title='bbox 1342 3422 1518 3478; x_wconf 78' lang='lat' dir='ltr'><strong>sardicenses</strong></span> <span class='ocrx_word' id='word_1_599' title='bbox 1536 3437 1654 3478; x_wconf 73' lang='lat' dir='ltr'><strong>caunites</strong></span> <span class='ocrx_word' id='word_1_600' title='bbox 1676 3423 1804 3485; x_wconf 70' lang='lat' dir='ltr'><strong>idcaenisa</strong></span> <span class='ocrx_word' id='word_1_601' title='bbox 1818 3432 1843 3474; x_wconf 82' lang='lat' dir='ltr'><strong>at</strong></span> <span class='ocrx_word' id='word_1_602' title='bbox 1854 3429 1875 3474; x_wconf 87' lang='lat' dir='ltr'><strong>et</strong></span> 
     </span>
     <span class='ocr_line' id='line_1_46' title="bbox 257 3490 1873 3564; baseline -0.003 -15"><span class='ocrx_word' id='word_1_603' title='bbox 257 3495 337 3550; x_wconf 89' lang='lat' dir='ltr'><strong>istum</strong></span> <span class='ocrx_word' id='word_1_604' title='bbox 354 3496 454 3564; x_wconf 83' lang='lat' dir='ltr'><strong>passion</strong></span> <span class='ocrx_word' id='word_1_605' title='bbox 467 3509 517 3564; x_wconf 88' lang='lat' dir='ltr'><strong>pro</strong></span> <span class='ocrx_word' id='word_1_606' title='bbox 531 3501 624 3563; x_wconf 84' lang='lat' dir='ltr'><strong>sexto,</strong></span> <span class='ocrx_word' id='word_1_607' title='bbox 643 3503 671 3549; x_wconf 88' lang='lat' dir='ltr'><strong>ct</strong></span> <span class='ocrx_word' id='word_1_608' title='bbox 685 3492 754 3549; x_wconf 89' lang='lat' dir='ltr'><strong>iorte</strong></span> <span class='ocrx_word' id='word_1_609' title='bbox 768 3493 795 3548; x_wconf 88' lang='lat' dir='ltr'><strong>in</strong></span> <span class='ocrx_word' id='word_1_610' title='bbox 813 3505 860 3547; x_wconf 92' lang='lat' dir='ltr'><strong>sua</strong></span> <span class='ocrx_word' id='word_1_611' title='bbox 876 3490 977 3545; x_wconf 77' lang='lat' dir='ltr'><strong>sicilie</strong></span> <span class='ocrx_word' id='word_1_612' title='bbox 993 3491 1045 3547; x_wconf 75' lang='lat' dir='ltr'><strong>tsc-</strong></span> <span class='ocrx_word' id='word_1_613' title='bbox 1097 3495 1153 3549; x_wconf 91' lang='lat' dir='ltr'><strong>suis</strong></span> <span class='ocrx_word' id='word_1_614' title='bbox 1165 3493 1271 3563; x_wconf 88' lang='lat' dir='ltr'><strong>utrique</strong></span> <span class='ocrx_word' id='word_1_615' title='bbox 1282 3494 1401 3548; x_wconf 88' lang='lat' dir='ltr'><strong>numeris</strong></span> <span class='ocrx_word' id='word_1_616' title='bbox 1413 3493 1548 3564; x_wconf 77' lang='lat' dir='ltr'><strong>titulisque</strong></span> <span class='ocrx_word' id='word_1_617' title='bbox 1558 3491 1873 3557; x_wconf 79' lang='lat' dir='ltr'><strong>discernuntur,ctiiicae·</strong></span> 
     </span>
    </p>
   </div>
   <div class='ocr_carea' id='block_1_8' title="bbox 258 1587 661 1658">
    <p class='ocr_par' dir='ltr' id='par_1_10' title="bbox 258 1587 661 1658">
     <span class='ocr_line' id='line_1_47' title="bbox 258 1587 661 1658; baseline 0 -17"><span class='ocrx_word' id='word_1_618' title='bbox 258 1588 405 1658; x_wconf 88' lang='lat' dir='ltr'><strong>probemus</strong></span> <span class='ocrx_word' id='word_1_619' title='bbox 418 1587 500 1644; x_wconf 89' lang='lat' dir='ltr'><strong>inisse</strong></span> <span class='ocrx_word' id='word_1_620' title='bbox 514 1589 661 1656; x_wconf 86' lang='lat' dir='ltr'><strong>proprium.</strong></span> 
     </span>
    </p>
   </div>
   <div class='ocr_carea' id='block_1_9' title="bbox 999 1375 1955 1449">
    <p class='ocr_par' dir='ltr' id='par_1_11' title="bbox 999 1375 1955 1449">
     <span class='ocr_line' id='line_1_48' title="bbox 999 1375 1955 1449; baseline 0 -17"><span class='ocrx_word' id='word_1_621' title='bbox 999 1388 1008 1404; x_wconf 93' lang='grc'>·</span> <span class='ocrx_word' id='word_1_622' title='bbox 1101 1376 1275 1433; x_wconf 75' lang='lat' dir='ltr'><strong>sardicenses</strong></span> <span class='ocrx_word' id='word_1_623' title='bbox 1288 1390 1337 1431; x_wconf 85' lang='lat' dir='ltr'><strong>eos</strong></span> <span class='ocrx_word' id='word_1_624' title='bbox 1352 1375 1434 1431; x_wconf 88' lang='lat' dir='ltr'><strong>inisse</strong></span> <span class='ocrx_word' id='word_1_625' title='bbox 1445 1376 1500 1444; x_wconf 84' lang='lat' dir='ltr'><strong>jam</strong></span> <span class='ocrx_word' id='word_1_626' title='bbox 1515 1377 1543 1430; x_wconf 92' lang='lat' dir='ltr'><strong>in</strong></span> <span class='ocrx_word' id='word_1_627' title='bbox 1562 1378 1687 1432; x_wconf 82' lang='lat' dir='ltr'><strong>enniesso</strong></span> <span class='ocrx_word' id='word_1_628' title='bbox 1704 1379 1763 1439; x_wconf 87' lang='lat' dir='ltr'><strong>sit,</strong></span> <span class='ocrx_word' id='word_1_629' title='bbox 1787 1388 1877 1432; x_wconf 81' lang='lat' dir='ltr'><strong>conum</strong></span> <span class='ocrx_word' id='word_1_630' title='bbox 1954 1390 1955 1449; x_wconf 44' lang='lat'>3</span> 
     </span>
    </p>
   </div>
   <div class='ocr_carea' id='block_1_10' title="bbox 254 3560 1049 4481">
    <p class='ocr_par' dir='ltr' id='par_1_12' title="bbox 255 3560 1047 3923">
     <span class='ocr_line' id='line_1_49' title="bbox 256 3560 1047 3636; baseline -0.005 -15"><span class='ocrx_word' id='word_1_631' title='bbox 256 3565 350 3632; x_wconf 87' lang='lat' dir='ltr'><strong>olesia,</strong></span> <span class='ocrx_word' id='word_1_632' title='bbox 364 3565 468 3636; x_wconf 88' lang='lat' dir='ltr'><strong>baberi,</strong></span> <span class='ocrx_word' id='word_1_633' title='bbox 487 3577 592 3624; x_wconf 79' lang='lat' dir='ltr'><strong>sertum</strong></span> <span class='ocrx_word' id='word_1_634' title='bbox 606 3566 717 3622; x_wconf 84' lang='lat' dir='ltr'><strong>etiamn</strong></span> <span class='ocrx_word' id='word_1_635' title='bbox 734 3578 764 3619; x_wconf 82' lang='lat' dir='ltr'><strong>sc.</strong></span> <span class='ocrx_word' id='word_1_636' title='bbox 776 3560 968 3618; x_wconf 87' lang='lat' dir='ltr'><strong>nominandum</strong></span> <span class='ocrx_word' id='word_1_637' title='bbox 984 3576 1047 3617; x_wconf 88' lang='lat' dir='ltr'><strong>esse</strong></span> 
     </span>
     <span class='ocr_line' id='line_1_50' title="bbox 256 3632 1046 3695; baseline -0.004 -4"><span class='ocrx_word' id='word_1_638' title='bbox 256 3638 429 3693; x_wconf 76' lang='lat' dir='ltr'><strong>censuitzne</strong></span> <span class='ocrx_word' id='word_1_639' title='bbox 443 3638 617 3695; x_wconf 85' lang='lat' dir='ltr'><strong>contentione</strong></span> <span class='ocrx_word' id='word_1_640' title='bbox 638 3651 672 3692; x_wconf 86' lang='lat' dir='ltr'><strong>es</strong></span> <span class='ocrx_word' id='word_1_641' title='bbox 695 3635 739 3688; x_wconf 89' lang='lat' dir='ltr'><strong>iiia</strong></span> <span class='ocrx_word' id='word_1_642' title='bbox 760 3634 919 3689; x_wconf 82' lang='lat' dir='ltr'><strong>diversitate</strong></span> <span class='ocrx_word' id='word_1_643' title='bbox 941 3632 1046 3688; x_wconf 85' lang='lat' dir='ltr'><strong>numeri</strong></span> 
     </span>
     <span class='ocr_line' id='line_1_51' title="bbox 255 3702 1047 3775; baseline -0.003 -16"><span class='ocrx_word' id='word_1_644' title='bbox 255 3708 302 3763; x_wconf 78' lang='lat' dir='ltr'><strong>uel</strong></span> <span class='ocrx_word' id='word_1_645' title='bbox 320 3706 422 3764; x_wconf 89' lang='lat' dir='ltr'><strong>codicis</strong></span> <span class='ocrx_word' id='word_1_646' title='bbox 436 3717 546 3775; x_wconf 80' lang='lat' dir='ltr'><strong>exora,</strong></span> <span class='ocrx_word' id='word_1_647' title='bbox 568 3705 720 3764; x_wconf 75' lang='lat' dir='ltr'><strong>orientales</strong></span> <span class='ocrx_word' id='word_1_648' title='bbox 745 3704 874 3760; x_wconf 85' lang='lat' dir='ltr'><strong>adversus</strong></span> <span class='ocrx_word' id='word_1_649' title='bbox 896 3702 1047 3758; x_wconf 81' lang='lat' dir='ltr'><strong>Romanurn</strong></span> 
     </span>
     <span class='ocr_line' id='line_1_52' title="bbox 256 3773 1047 3848; baseline -0.001 -18"><span class='ocrx_word' id='word_1_650' title='bbox 256 3776 377 3833; x_wconf 86' lang='lat' dir='ltr'><strong>codicum</strong></span> <span class='ocrx_word' id='word_1_651' title='bbox 391 3778 464 3833; x_wconf 87' lang='lat' dir='ltr'><strong>reiut</strong></span> <span class='ocrx_word' id='word_1_652' title='bbox 477 3787 632 3848; x_wconf 88' lang='lat' dir='ltr'><strong>corruptum</strong></span> <span class='ocrx_word' id='word_1_653' title='bbox 647 3776 836 3846; x_wconf 75' lang='lat' dir='ltr'><strong>insurgerent:</strong></span> <span class='ocrx_word' id='word_1_654' title='bbox 850 3773 922 3845; x_wconf 91' lang='lat' dir='ltr'><strong>quod</strong></span> <span class='ocrx_word' id='word_1_655' title='bbox 936 3774 1047 3846; x_wconf 87' lang='lat' dir='ltr'><strong>sapien-</strong></span> 
     </span>
     <span class='ocr_line' id='line_1_53' title="bbox 256 3847 692 3923; baseline 0 -21"><span class='ocrx_word' id='word_1_656' title='bbox 256 3847 353 3903; x_wconf 86' lang='lat' dir='ltr'><strong>tissimi</strong></span> <span class='ocrx_word' id='word_1_657' title='bbox 366 3848 446 3918; x_wconf 78' lang='lat' dir='ltr'><strong>legati</strong></span> <span class='ocrx_word' id='word_1_658' title='bbox 461 3850 510 3907; x_wconf 87' lang='lat' dir='ltr'><strong>iuit</strong></span> <span class='ocrx_word' id='word_1_659' title='bbox 520 3848 692 3923; x_wconf 64' lang='lat' dir='ltr'><strong>prevenisse.</strong></span> 
     </span>
    </p>

    <p class='ocr_par' dir='ltr' id='par_1_13' title="bbox 254 3914 1049 4481">
     <span class='ocr_line' id='line_1_54' title="bbox 291 3914 1046 3986; baseline -0.004 -12"><span class='ocrx_word' id='word_1_660' title='bbox 291 3919 318 3974; x_wconf 71' lang='grc' dir='ltr'><strong>ὅ.</strong></span> <span class='ocrx_word' id='word_1_661' title='bbox 334 3919 467 3977; x_wconf 82' lang='lat' dir='ltr'><strong>Nonnulla</strong></span> <span class='ocrx_word' id='word_1_662' title='bbox 481 3931 544 3980; x_wconf 88' lang='lat' dir='ltr'><strong>sunt</strong></span> <span class='ocrx_word' id='word_1_663' title='bbox 556 3922 638 3976; x_wconf 91' lang='lat' dir='ltr'><strong>etiam</strong></span> <span class='ocrx_word' id='word_1_664' title='bbox 650 3918 678 3973; x_wconf 92' lang='lat' dir='ltr'><strong>in</strong></span> <span class='ocrx_word' id='word_1_665' title='bbox 694 3921 822 3973; x_wconf 83' lang='lat' dir='ltr'><strong>contextu</strong></span> <span class='ocrx_word' id='word_1_666' title='bbox 844 3914 947 3973; x_wconf 86' lang='lat' dir='ltr'><strong>codicis</strong></span> <span class='ocrx_word' id='word_1_667' title='bbox 967 3929 1046 3986; x_wconf 87' lang='lat' dir='ltr'><strong>quac,</strong></span> 
     </span>
     <span class='ocr_line' id='line_1_55' title="bbox 256 3985 1046 4056; baseline -0.001 -12"><span class='ocrx_word' id='word_1_668' title='bbox 256 3990 283 4044; x_wconf 92' lang='lat' dir='ltr'><strong>in</strong></span> <span class='ocrx_word' id='word_1_669' title='bbox 293 4004 341 4056; x_wconf 75' lang='lat' dir='ltr'><strong>ura</strong></span> <span class='ocrx_word' id='word_1_670' title='bbox 354 3990 407 4046; x_wconf 90' lang='lat' dir='ltr'><strong>iam</strong></span> <span class='ocrx_word' id='word_1_671' title='bbox 422 3992 552 4049; x_wconf 76' lang='lat' dir='ltr'><strong>Ecclesiae</strong></span> <span class='ocrx_word' id='word_1_672' title='bbox 566 3990 693 4045; x_wconf 78' lang='lat' dir='ltr'><strong>Romanas</strong></span> <span class='ocrx_word' id='word_1_673' title='bbox 707 3985 816 4050; x_wconf 85' lang='lat' dir='ltr'><strong>addita,</strong></span> <span class='ocrx_word' id='word_1_674' title='bbox 830 4001 892 4040; x_wconf 89' lang='lat' dir='ltr'><strong>curn</strong></span> <span class='ocrx_word' id='word_1_675' title='bbox 905 3992 952 4054; x_wconf 84' lang='lat' dir='ltr'><strong>pro</strong></span> <span class='ocrx_word' id='word_1_676' title='bbox 971 3986 1046 4056; x_wconf 84' lang='lat' dir='ltr'><strong>ejus-</strong></span> 
     </span>
     <span class='ocr_line' id='line_1_56' title="bbox 254 4055 1048 4126; baseline -0.005 -11"><span class='ocrx_word' id='word_1_677' title='bbox 254 4060 316 4116; x_wconf 89' lang='lat' dir='ltr'><strong>dem</strong></span> <span class='ocrx_word' id='word_1_678' title='bbox 327 4077 376 4116; x_wconf 91' lang='lat' dir='ltr'><strong>usu</strong></span> <span class='ocrx_word' id='word_1_679' title='bbox 390 4063 541 4119; x_wconf 86' lang='lat' dir='ltr'><strong>coniectum</strong></span> <span class='ocrx_word' id='word_1_680' title='bbox 554 4074 617 4116; x_wconf 89' lang='lat' dir='ltr'><strong>esse</strong></span> <span class='ocrx_word' id='word_1_681' title='bbox 630 4058 765 4123; x_wconf 87' lang='lat' dir='ltr'><strong>indicant;</strong></span> <span class='ocrx_word' id='word_1_682' title='bbox 782 4057 856 4112; x_wconf 82' lang='lat' dir='ltr'><strong>reiut</strong></span> <span class='ocrx_word' id='word_1_683' title='bbox 870 4055 925 4126; x_wconf 82' lang='lat' dir='ltr'><strong>(d)</strong></span> <span class='ocrx_word' id='word_1_684' title='bbox 943 4055 986 4111; x_wconf 87' lang='lat' dir='ltr'><strong>illa</strong></span> <span class='ocrx_word' id='word_1_685' title='bbox 1005 4067 1048 4112; x_wconf 91' lang='lat' dir='ltr'><strong>est</strong></span> 
     </span>
     <span class='ocr_line' id='line_1_57' title="bbox 256 4126 1048 4254; baseline -0.003 -70"><span class='ocrx_word' id='word_1_686' title='bbox 256 4132 423 4201; x_wconf 83' lang='lat' dir='ltr'><strong>parenthesis</strong></span> <span class='ocrx_word' id='word_1_687' title='bbox 436 4148 495 4203; x_wconf 85' lang='lat' dir='ltr'><strong>quae</strong></span> <span class='ocrx_word' id='word_1_688' title='bbox 509 4132 536 4187; x_wconf 92' lang='lat' dir='ltr'><strong>in</strong></span> <span class='ocrx_word' id='word_1_689' title='bbox 546 4130 660 4200; x_wconf 90' lang='lat' dir='ltr'><strong>epistola</strong></span> <span class='ocrx_word' id='word_1_690' title='bbox 672 4126 820 4184; x_wconf 87' lang='lat' dir='ltr'><strong>innocentii</strong></span> <span class='ocrx_word' id='word_1_691' title='bbox 832 4140 908 4254; x_wconf 52' lang='lat' dir='ltr'><strong>page</strong></span> <span class='ocrx_word' id='word_1_692' title='bbox 922 4126 976 4182; x_wconf 90' lang='lat' dir='ltr'><strong>iad</strong></span> <span class='ocrx_word' id='word_1_693' title='bbox 986 4126 1048 4182; x_wconf 86' lang='lat' dir='ltr'><strong>Vic-</strong></span> 
     </span>
     <span class='ocr_line' id='line_1_58' title="bbox 256 4197 1048 4273; baseline -0.004 -19"><span class='ocrx_word' id='word_1_694' title='bbox 256 4202 362 4258; x_wconf 88' lang='lat' dir='ltr'><strong>triuium</strong></span> <span class='ocrx_word' id='word_1_695' title='bbox 374 4201 618 4273; x_wconf 79' lang='lat' dir='ltr'><strong>hathumaqcnsem</strong></span> <span class='ocrx_word' id='word_1_696' title='bbox 633 4200 658 4256; x_wconf 91' lang='lat' dir='ltr'><strong>lc</strong></span> <span class='ocrx_word' id='word_1_697' title='bbox 676 4199 747 4256; x_wconf 89' lang='lat' dir='ltr'><strong>itur:</strong></span> <span class='ocrx_word' id='word_1_698' title='bbox 759 4197 855 4268; x_wconf 80' lang='lat' dir='ltr'><strong>Cuius(</strong></span> <span class='ocrx_word' id='word_1_699' title='bbox 881 4197 985 4254; x_wconf 85' lang='lat' dir='ltr'><strong>eclesiae</strong></span> <span class='ocrx_word' id='word_1_700' title='bbox 994 4197 1048 4252; x_wconf 83' lang='lat' dir='ltr'><strong>ito·</strong></span> 
     </span>
     <span class='ocr_line' id='line_1_59' title="bbox 256 4216 1046 4346; baseline -0.003 -20"><span class='ocrx_word' id='word_1_701' title='bbox 256 4273 395 4346; x_wconf 74' lang='lat' dir='ltr'><strong>mantelia</strong></span> <span class='ocrx_word' id='word_1_702' title='bbox 410 4275 527 4328; x_wconf 85' lang='lat' dir='ltr'><strong>omuibus</strong></span> <span class='ocrx_word' id='word_1_703' title='bbox 548 4272 634 4327; x_wconf 84' lang='lat' dir='ltr'><strong>euasit</strong></span> <span class='ocrx_word' id='word_1_704' title='bbox 652 4216 725 4326; x_wconf 57' lang='lat' dir='ltr'><strong>debet</strong></span> <span class='ocrx_word' id='word_1_705' title='bbox 746 4269 889 4326; x_wconf 81' lang='lat' dir='ltr'><strong>reuerentia</strong></span> <span class='ocrx_word' id='word_1_706' title='bbox 912 4269 1046 4324; x_wconf 85' lang='lat' dir='ltr'><strong>custodiri.</strong></span> 
     </span>
     <span class='ocr_line' id='line_1_60' title="bbox 254 4340 1049 4412; baseline -0.004 -14"><span class='ocrx_word' id='word_1_707' title='bbox 254 4342 322 4398; x_wconf 74' lang='lat' dir='ltr'><strong>Cum</strong></span> <span class='ocrx_word' id='word_1_708' title='bbox 336 4345 406 4400; x_wconf 90' lang='lat' dir='ltr'><strong>enim</strong></span> <span class='ocrx_word' id='word_1_709' title='bbox 423 4345 480 4401; x_wconf 88' lang='lat' dir='ltr'><strong>hacc</strong></span> <span class='ocrx_word' id='word_1_710' title='bbox 494 4344 664 4401; x_wconf 88' lang='lat' dir='ltr'><strong>desideretur</strong></span> <span class='ocrx_word' id='word_1_711' title='bbox 677 4343 704 4397; x_wconf 91' lang='lat' dir='ltr'><strong>in</strong></span> <span class='ocrx_word' id='word_1_712' title='bbox 718 4341 812 4397; x_wconf 89' lang='lat' dir='ltr'><strong>codice</strong></span> <span class='ocrx_word' id='word_1_713' title='bbox 827 4340 947 4412; x_wconf 80' lang='lat' dir='ltr'><strong>Dionysii</strong></span> <span class='ocrx_word' id='word_1_714' title='bbox 966 4340 1049 4395; x_wconf 89' lang='lat' dir='ltr'><strong>abba·</strong></span> 
     </span>
     <span class='ocr_line' id='line_1_61' title="bbox 256 4409 1048 4481; baseline -0.003 -14"><span class='ocrx_word' id='word_1_715' title='bbox 256 4416 302 4481; x_wconf 90' lang='lat' dir='ltr'><strong>tis,</strong></span> <span class='ocrx_word' id='word_1_716' title='bbox 320 4430 370 4470; x_wconf 91' lang='lat' dir='ltr'><strong>nec</strong></span> <span class='ocrx_word' id='word_1_717' title='bbox 387 4429 447 4470; x_wconf 88' lang='lat' dir='ltr'><strong>earn</strong></span> <span class='ocrx_word' id='word_1_718' title='bbox 461 4416 489 4472; x_wconf 88' lang='lat' dir='ltr'><strong>in</strong></span> <span class='ocrx_word' id='word_1_719' title='bbox 502 4414 662 4471; x_wconf 76' lang='lat' dir='ltr'><strong>venerande</strong></span> <span class='ocrx_word' id='word_1_720' title='bbox 679 4411 847 4479; x_wconf 79' lang='lat' dir='ltr'><strong>antiquitatis</strong></span> <span class='ocrx_word' id='word_1_721' title='bbox 866 4411 960 4467; x_wconf 88' lang='lat' dir='ltr'><strong>codice</strong></span> <span class='ocrx_word' id='word_1_722' title='bbox 979 4409 1048 4465; x_wconf 80' lang='lat' dir='ltr'><strong>san·</strong></span> 
     </span>
    </p>
   </div>
   <div class='ocr_carea' id='block_1_11' title="bbox 256 4480 1088 4572">
    <p class='ocr_par' dir='ltr' id='par_1_14' title="bbox 256 4480 1088 4572">
     <span class='ocr_line' id='line_1_62' title="bbox 256 4480 1088 4572; baseline -0.005 -33"><span class='ocrx_word' id='word_1_723' title='bbox 256 4482 446 4550; x_wconf 87' lang='lat' dir='ltr'><strong>Germaniano,</strong></span> <span class='ocrx_word' id='word_1_724' title='bbox 458 4501 538 4558; x_wconf 87' lang='lat' dir='ltr'><strong>quern</strong></span> <span class='ocrx_word' id='word_1_725' title='bbox 548 4486 623 4540; x_wconf 91' lang='lat' dir='ltr'><strong>mille</strong></span> <span class='ocrx_word' id='word_1_726' title='bbox 636 4498 767 4540; x_wconf 89' lang='lat' dir='ltr'><strong>annorum</strong></span> <span class='ocrx_word' id='word_1_727' title='bbox 782 4495 844 4539; x_wconf 90' lang='lat' dir='ltr'><strong>esse</strong></span> <span class='ocrx_word' id='word_1_728' title='bbox 867 4482 959 4547; x_wconf 87' lang='lat' dir='ltr'><strong>aiunt,</strong></span> <span class='ocrx_word' id='word_1_729' title='bbox 972 4480 1048 4535; x_wconf 81' lang='lat' dir='ltr'><strong>irrue·</strong></span> <span class='ocrx_word' id='word_1_730' title='bbox 1062 4511 1088 4572; x_wconf 70' lang='lat' dir='ltr'>D</span> 
     </span>
    </p>
   </div>
   <div class='ocr_carea' id='block_1_12' title="bbox 1097 3564 1877 4550">
    <p class='ocr_par' dir='ltr' id='par_1_15' title="bbox 1097 3564 1874 3776">
     <span class='ocr_line' id='line_1_63' title="bbox 1097 3564 1874 3633; baseline -0.01 -13"><span class='ocrx_word' id='word_1_731' title='bbox 1097 3581 1193 3620; x_wconf 90' lang='lat' dir='ltr'><strong>norum</strong></span> <span class='ocrx_word' id='word_1_732' title='bbox 1207 3564 1500 3633; x_wconf 69' lang='lat' dir='ltr'><strong>subscriptionesque</strong></span> <span class='ocrx_word' id='word_1_733' title='bbox 1516 3564 1610 3618; x_wconf 86' lang='lat' dir='ltr'><strong>berum</strong></span> <span class='ocrx_word' id='word_1_734' title='bbox 1628 3566 1697 3619; x_wconf 88' lang='lat' dir='ltr'><strong>calci</strong></span> <span class='ocrx_word' id='word_1_735' title='bbox 1711 3564 1874 3632; x_wconf 81' lang='lat' dir='ltr'><strong>adiiciuntur,</strong></span> 
     </span>
     <span class='ocr_line' id='line_1_64' title="bbox 1097 3632 1874 3703; baseline -0.004 -14"><span class='ocrx_word' id='word_1_736' title='bbox 1097 3645 1227 3702; x_wconf 79' lang='lat' dir='ltr'><strong>utros-que</strong></span> <span class='ocrx_word' id='word_1_737' title='bbox 1240 3635 1399 3689; x_wconf 79' lang='lat' dir='ltr'><strong>abinvicem</strong></span> <span class='ocrx_word' id='word_1_738' title='bbox 1415 3633 1548 3698; x_wconf 86' lang='lat' dir='ltr'><strong>dividunt,</strong></span> <span class='ocrx_word' id='word_1_739' title='bbox 1572 3642 1720 3703; x_wconf 67' lang='lat' dir='ltr'><strong>sensuque</strong></span> <span class='ocrx_word' id='word_1_740' title='bbox 1745 3650 1778 3689; x_wconf 91' lang='lat' dir='ltr'><strong>ne</strong></span> <span class='ocrx_word' id='word_1_741' title='bbox 1793 3632 1874 3689; x_wconf 77' lang='lat' dir='ltr'><strong>Sardi·</strong></span> 
     </span>
     <span class='ocr_line' id='line_1_65' title="bbox 1098 3704 1807 3776; baseline -0.004 -15"><span class='ocrx_word' id='word_1_742' title='bbox 1098 3720 1195 3761; x_wconf 89' lang='lat' dir='ltr'><strong>censes</strong></span> <span class='ocrx_word' id='word_1_743' title='bbox 1210 3720 1258 3776; x_wconf 89' lang='lat' dir='ltr'><strong>pro</strong></span> <span class='ocrx_word' id='word_1_744' title='bbox 1272 3704 1398 3771; x_wconf 76' lang='lat' dir='ltr'><strong>Niemnis,</strong></span> <span class='ocrx_word' id='word_1_745' title='bbox 1414 3705 1456 3760; x_wconf 82' lang='grc' dir='ltr'><strong>ιιι</strong></span> <span class='ocrx_word' id='word_1_746' title='bbox 1471 3705 1497 3757; x_wconf 86' lang='lat' dir='ltr'><strong>bi</strong></span> <span class='ocrx_word' id='word_1_747' title='bbox 1509 3720 1557 3774; x_wconf 88' lang='lat' dir='ltr'><strong>pro</strong></span> <span class='ocrx_word' id='word_1_748' title='bbox 1568 3705 1620 3758; x_wconf 85' lang='lat' dir='ltr'><strong>iilis</strong></span> <span class='ocrx_word' id='word_1_749' title='bbox 1630 3706 1807 3770; x_wconf 83' lang='lat' dir='ltr'><strong>accipiantur.</strong></span> 
     </span>
    </p>

    <p class='ocr_par' dir='ltr' id='par_1_16' title="bbox 1098 3774 1877 4408">
     <span class='ocr_line' id='line_1_66' title="bbox 1133 3774 1876 3844; baseline -0.009 -13"><span class='ocrx_word' id='word_1_750' title='bbox 1133 3778 1160 3831; x_wconf 85' lang='lat'><strong>8.</strong></span> <span class='ocrx_word' id='word_1_751' title='bbox 1174 3775 1286 3830; x_wconf 89' lang='lat' dir='ltr'><strong>Constat</strong></span> <span class='ocrx_word' id='word_1_752' title='bbox 1307 3790 1340 3831; x_wconf 87' lang='lat' dir='ltr'><strong>ex</strong></span> <span class='ocrx_word' id='word_1_753' title='bbox 1364 3774 1510 3829; x_wconf 86' lang='lat' dir='ltr'><strong>iunocentii</strong></span> <span class='ocrx_word' id='word_1_754' title='bbox 1535 3789 1611 3844; x_wconf 76' lang='lat' dir='ltr'><strong>pape</strong></span> <span class='ocrx_word' id='word_1_755' title='bbox 1639 3779 1762 3843; x_wconf 75' lang='lat' dir='ltr'><strong>epistolis</strong></span> <span class='ocrx_word' id='word_1_756' title='bbox 1785 3774 1876 3829; x_wconf 75' lang='lat' dir='ltr'><strong>duabus</strong></span> 
     </span>
     <span class='ocr_line' id='line_1_67' title="bbox 1098 3842 1877 3918; baseline 0.003 -20"><span class='ocrx_word' id='word_1_757' title='bbox 1098 3845 1139 3918; x_wconf 81' lang='grc' dir='ltr'>(ιι)</span> <span class='ocrx_word' id='word_1_758' title='bbox 1153 3847 1334 3901; x_wconf 76' lang='lat' dir='ltr'><strong>Antiochense</strong></span> <span class='ocrx_word' id='word_1_759' title='bbox 1345 3861 1464 3899; x_wconf 87' lang='lat' dir='ltr'><strong>canones</strong></span> <span class='ocrx_word' id='word_1_760' title='bbox 1476 3846 1510 3898; x_wconf 91' lang='lat' dir='ltr'><strong>ab</strong></span> <span class='ocrx_word' id='word_1_761' title='bbox 1519 3859 1552 3900; x_wconf 87' lang='lat' dir='ltr'><strong>ce</strong></span> <span class='ocrx_word' id='word_1_762' title='bbox 1564 3845 1682 3916; x_wconf 84' lang='lat' dir='ltr'><strong>rejectos</strong></span> <span class='ocrx_word' id='word_1_763' title='bbox 1702 3846 1782 3901; x_wconf 82' lang='lat' dir='ltr'><strong>luisse</strong></span> <span class='ocrx_word' id='word_1_764' title='bbox 1795 3842 1877 3916; x_wconf 86' lang='lat' dir='ltr'><strong>:qaod</strong></span> 
     </span>
     <span class='ocr_line' id='line_1_68' title="bbox 1098 3915 1876 3986; baseline 0 -15"><span class='ocrx_word' id='word_1_765' title='bbox 1098 3927 1257 3986; x_wconf 76' lang='lat' dir='ltr'><strong>argumento</strong></span> <span class='ocrx_word' id='word_1_766' title='bbox 1278 3927 1320 3970; x_wconf 87' lang='lat' dir='ltr'><strong>est</strong></span> <span class='ocrx_word' id='word_1_767' title='bbox 1343 3917 1452 3972; x_wconf 91' lang='lat' dir='ltr'><strong>cosdem</strong></span> <span class='ocrx_word' id='word_1_768' title='bbox 1468 3916 1493 3970; x_wconf 88' lang='lat' dir='ltr'><strong>in</strong></span> <span class='ocrx_word' id='word_1_769' title='bbox 1509 3915 1630 3970; x_wconf 82' lang='lat' dir='ltr'><strong>Romano</strong></span> <span class='ocrx_word' id='word_1_770' title='bbox 1642 3926 1705 3972; x_wconf 87' lang='lat' dir='ltr'><strong>trane</strong></span> <span class='ocrx_word' id='word_1_771' title='bbox 1720 3917 1810 3971; x_wconf 76' lang='lat' dir='ltr'><strong>codice</strong></span> <span class='ocrx_word' id='word_1_772' title='bbox 1831 3930 1876 3970; x_wconf 86' lang='lat' dir='ltr'><strong>noo</strong></span> 
     </span>
     <span class='ocr_line' id='line_1_69' title="bbox 1098 3986 1877 4058; baseline -0.004 -16"><span class='ocrx_word' id='word_1_773' title='bbox 1098 4003 1263 4058; x_wconf 81' lang='lat' dir='ltr'><strong>apparuisse.</strong></span> <span class='ocrx_word' id='word_1_774' title='bbox 1279 3987 1337 4042; x_wconf 86' lang='lat' dir='ltr'><strong>Nou</strong></span> <span class='ocrx_word' id='word_1_775' title='bbox 1348 3987 1445 4042; x_wconf 77' lang='lat' dir='ltr'><strong>absunt</strong></span> <span class='ocrx_word' id='word_1_776' title='bbox 1458 3986 1564 4057; x_wconf 89' lang='lat' dir='ltr'><strong>quidem</strong></span> <span class='ocrx_word' id='word_1_777' title='bbox 1578 3987 1659 4042; x_wconf 89' lang='lat' dir='ltr'><strong>iidem</strong></span> <span class='ocrx_word' id='word_1_778' title='bbox 1676 4003 1792 4042; x_wconf 89' lang='lat' dir='ltr'><strong>canones</strong></span> <span class='ocrx_word' id='word_1_779' title='bbox 1805 4002 1818 4039; x_wconf 91' lang='lat' dir='ltr'><strong>a</strong></span> <span class='ocrx_word' id='word_1_780' title='bbox 1834 4000 1877 4040; x_wconf 85' lang='lat' dir='ltr'><strong>no·</strong></span> 
     </span>
     <span class='ocr_line' id='line_1_70' title="bbox 1099 4054 1875 4126; baseline -0.009 -13"><span class='ocrx_word' id='word_1_781' title='bbox 1099 4070 1156 4113; x_wconf 85' lang='lat' dir='ltr'><strong>stro</strong></span> <span class='ocrx_word' id='word_1_782' title='bbox 1169 4075 1175 4123; x_wconf 95' lang='lat'>;</span> <span class='ocrx_word' id='word_1_783' title='bbox 1189 4060 1237 4114; x_wconf 91' lang='lat' dir='ltr'><strong>sed</strong></span> <span class='ocrx_word' id='word_1_784' title='bbox 1252 4062 1372 4113; x_wconf 83' lang='lat' dir='ltr'><strong>itaextra</strong></span> <span class='ocrx_word' id='word_1_785' title='bbox 1385 4058 1507 4112; x_wconf 88' lang='lat' dir='ltr'><strong>ordinem</strong></span> <span class='ocrx_word' id='word_1_786' title='bbox 1523 4058 1613 4124; x_wconf 91' lang='lat' dir='ltr'><strong>positi,</strong></span> <span class='ocrx_word' id='word_1_787' title='bbox 1627 4058 1722 4126; x_wconf 84' lang='lat' dir='ltr'><strong>rejecti</strong></span> <span class='ocrx_word' id='word_1_788' title='bbox 1739 4059 1834 4113; x_wconf 83' lang='lat' dir='ltr'><strong>scilieet</strong></span> <span class='ocrx_word' id='word_1_789' title='bbox 1847 4054 1875 4107; x_wconf 86' lang='lat' dir='ltr'><strong>ad</strong></span> 
     </span>
     <span class='ocr_line' id='line_1_71' title="bbox 1098 4123 1877 4196; baseline -0.001 -11"><span class='ocrx_word' id='word_1_790' title='bbox 1098 4131 1210 4191; x_wconf 86' lang='lat' dir='ltr'><strong>calcem,</strong></span> <span class='ocrx_word' id='word_1_791' title='bbox 1223 4139 1253 4182; x_wconf 93' lang='lat' dir='ltr'><strong>ut</strong></span> <span class='ocrx_word' id='word_1_792' title='bbox 1264 4128 1433 4183; x_wconf 84' lang='lat' dir='ltr'><strong>ruaniiestum</strong></span> <span class='ocrx_word' id='word_1_793' title='bbox 1445 4129 1479 4184; x_wconf 86' lang='lat' dir='ltr'><strong>sit</strong></span> <span class='ocrx_word' id='word_1_794' title='bbox 1495 4129 1600 4183; x_wconf 85' lang='lat' dir='ltr'><strong>rtonriisi</strong></span> <span class='ocrx_word' id='word_1_795' title='bbox 1617 4142 1678 4196; x_wconf 81' lang='lat' dir='ltr'><strong>post</strong></span> <span class='ocrx_word' id='word_1_796' title='bbox 1689 4131 1837 4183; x_wconf 84' lang='lat' dir='ltr'><strong>dirrtumutn</strong></span> <span class='ocrx_word' id='word_1_797' title='bbox 1847 4123 1877 4177; x_wconf 78' lang='grc' dir='ltr'><strong>ιιι</strong></span> 
     </span>
     <span class='ocr_line' id='line_1_72' title="bbox 1099 4195 1877 4268; baseline -0.004 -15"><span class='ocrx_word' id='word_1_798' title='bbox 1099 4211 1178 4254; x_wconf 67' lang='lat' dir='ltr'><strong>aetate</strong></span> <span class='ocrx_word' id='word_1_799' title='bbox 1192 4201 1337 4255; x_wconf 81' lang='lat' dir='ltr'><strong>lirnoceurii</strong></span> <span class='ocrx_word' id='word_1_800' title='bbox 1354 4199 1536 4262; x_wconf 85' lang='lat' dir='ltr'><strong>intervallum,</strong></span> <span class='ocrx_word' id='word_1_801' title='bbox 1562 4199 1644 4253; x_wconf 92' lang='lat' dir='ltr'><strong>immo</strong></span> <span class='ocrx_word' id='word_1_802' title='bbox 1664 4209 1693 4256; x_wconf 90' lang='lat' dir='ltr'><strong>et</strong></span> <span class='ocrx_word' id='word_1_803' title='bbox 1716 4211 1775 4268; x_wconf 89' lang='lat' dir='ltr'><strong>pust</strong></span> <span class='ocrx_word' id='word_1_804' title='bbox 1789 4195 1877 4254; x_wconf 68' lang='lat' dir='ltr'><strong>iterasti</strong></span> 
     </span>
     <span class='ocr_line' id='line_1_73' title="bbox 1099 4269 1876 4342; baseline -0.006 -19"><span class='ocrx_word' id='word_1_805' title='bbox 1099 4279 1332 4325; x_wconf 73' lang='lat' dir='ltr'><strong>etatcmcanon·¹s</strong></span> <span class='ocrx_word' id='word_1_806' title='bbox 1346 4269 1428 4324; x_wconf 85' lang='lat' dir='ltr'><strong>hrissc</strong></span> <span class='ocrx_word' id='word_1_807' title='bbox 1446 4269 1658 4336; x_wconf 85' lang='lat' dir='ltr'><strong>superadditos:</strong></span> <span class='ocrx_word' id='word_1_808' title='bbox 1684 4273 1754 4342; x_wconf 91' lang='lat' dir='ltr'><strong>quod</strong></span> <span class='ocrx_word' id='word_1_809' title='bbox 1781 4272 1805 4325; x_wconf 93' lang='lat' dir='ltr'><strong>iu</strong></span> <span class='ocrx_word' id='word_1_810' title='bbox 1827 4269 1876 4322; x_wconf 83' lang='lat' dir='ltr'><strong>ulio</strong></span> 
     </span>
     <span class='ocr_line' id='line_1_74' title="bbox 1099 4339 1553 4408; baseline 0 -12"><span class='ocrx_word' id='word_1_811' title='bbox 1099 4340 1152 4396; x_wconf 90' lang='lat' dir='ltr'><strong>alio</strong></span> <span class='ocrx_word' id='word_1_812' title='bbox 1163 4341 1256 4397; x_wconf 91' lang='lat' dir='ltr'><strong>codice</strong></span> <span class='ocrx_word' id='word_1_813' title='bbox 1270 4356 1324 4397; x_wconf 84' lang='lat' dir='ltr'><strong>tran</strong></span> <span class='ocrx_word' id='word_1_814' title='bbox 1335 4339 1553 4408; x_wconf 77' lang='lat' dir='ltr'><strong>deprrebcuditur.</strong></span> 
     </span>
    </p>

    <p class='ocr_par' dir='ltr' id='par_1_17' title="bbox 1099 4410 1877 4550">
     <span class='ocr_line' id='line_1_75' title="bbox 1134 4410 1877 4482; baseline -0.008 -16"><span class='ocrx_word' id='word_1_815' title='bbox 1134 4413 1161 4466; x_wconf 83' lang='lat' dir='ltr'><strong>il.</strong></span> <span class='ocrx_word' id='word_1_816' title='bbox 1177 4412 1215 4466; x_wconf 80' lang='lat' dir='ltr'><strong>Ex</strong></span> <span class='ocrx_word' id='word_1_817' title='bbox 1228 4410 1530 4480; x_wconf 77' lang='lat' dir='ltr'><strong>constantinopolitanis</strong></span> <span class='ocrx_word' id='word_1_818' title='bbox 1543 4411 1694 4466; x_wconf 89' lang='lat' dir='ltr'><strong>canonibus</strong></span> <span class='ocrx_word' id='word_1_819' title='bbox 1702 4417 1877 4482; x_wconf 77' lang='lat' dir='ltr'><strong>argumentum</strong></span> 
     </span>
     <span class='ocr_line' id='line_1_76' title="bbox 1099 4480 1855 4550; baseline -0.008 -13"><span class='ocrx_word' id='word_1_820' title='bbox 1099 4496 1152 4538; x_wconf 91' lang='lat' dir='ltr'><strong>uon</strong></span> <span class='ocrx_word' id='word_1_821' title='bbox 1163 4482 1286 4537; x_wconf 89' lang='lat' dir='ltr'><strong>absimile</strong></span> <span class='ocrx_word' id='word_1_822' title='bbox 1299 4483 1416 4546; x_wconf 72' lang='lat' dir='ltr'><strong>elicitur,</strong></span> <span class='ocrx_word' id='word_1_823' title='bbox 1437 4485 1482 4550; x_wconf 90' lang='lat' dir='ltr'><strong>qni</strong></span> <span class='ocrx_word' id='word_1_824' title='bbox 1505 4481 1609 4537; x_wconf 87' lang='lat' dir='ltr'><strong>scilicet</strong></span> <span class='ocrx_word' id='word_1_825' title='bbox 1626 4480 1659 4535; x_wconf 89' lang='lat' dir='ltr'><strong>ad</strong></span> <span class='ocrx_word' id='word_1_826' title='bbox 1684 4482 1762 4537; x_wconf 83' lang='lat' dir='ltr'><strong>linem</strong></span> <span class='ocrx_word' id='word_1_827' title='bbox 1787 4493 1855 4537; x_wconf 77' lang='lat' dir='ltr'><strong>tantu</strong></span> 
     </span>
    </p>
   </div>
   <div class='ocr_carea' id='block_1_13' title="bbox 257 4549 1865 4629">
    <p class='ocr_par' dir='ltr' id='par_1_18' title="bbox 257 4549 1865 4629">
     <span class='ocr_line' id='line_1_77' title="bbox 257 4549 1865 4629; baseline -0.002 -21"><span class='ocrx_word' id='word_1_828' title='bbox 257 4553 385 4624; x_wconf 83' lang='lat' dir='ltr'><strong>aerianus,</strong></span> <span class='ocrx_word' id='word_1_829' title='bbox 397 4557 473 4614; x_wconf 89' lang='lat' dir='ltr'><strong>iaeiie</strong></span> <span class='ocrx_word' id='word_1_830' title='bbox 484 4557 597 4629; x_wconf 89' lang='lat' dir='ltr'><strong>quisque</strong></span> <span class='ocrx_word' id='word_1_831' title='bbox 610 4555 757 4610; x_wconf 90' lang='lat' dir='ltr'><strong>adducetur</strong></span> <span class='ocrx_word' id='word_1_832' title='bbox 767 4559 797 4608; x_wconf 91' lang='lat' dir='ltr'><strong>ut</strong></span> <span class='ocrx_word' id='word_1_833' title='bbox 810 4551 905 4609; x_wconf 86' lang='lat' dir='ltr'><strong>credat</strong></span> <span class='ocrx_word' id='word_1_834' title='bbox 917 4567 933 4606; x_wconf 94' lang='lat' dir='ltr'><strong>a</strong></span> <span class='ocrx_word' id='word_1_835' title='bbox 943 4552 1046 4607; x_wconf 89' lang='lat' dir='ltr'><strong>codicis</strong></span> <span class='ocrx_word' id='word_1_836' title='bbox 1098 4553 1199 4608; x_wconf 85' lang='lat' dir='ltr'><strong>codicis</strong></span> <span class='ocrx_word' id='word_1_837' title='bbox 1208 4553 1310 4619; x_wconf 83' lang='lat' dir='ltr'><strong>jacent,</strong></span> <span class='ocrx_word' id='word_1_838' title='bbox 1323 4551 1404 4606; x_wconf 89' lang='lat' dir='ltr'><strong>ctiam</strong></span> <span class='ocrx_word' id='word_1_839' title='bbox 1415 4549 1588 4607; x_wconf 76' lang='lat' dir='ltr'><strong>antiochenis</strong></span> <span class='ocrx_word' id='word_1_840' title='bbox 1599 4550 1752 4608; x_wconf 75' lang='lat' dir='ltr'><strong>inis-riores.</strong></span> <span class='ocrx_word' id='word_1_841' title='bbox 1762 4554 1794 4607; x_wconf 87' lang='grc' dir='ltr'><strong>Ει</strong></span> <span class='ocrx_word' id='word_1_842' title='bbox 1809 4565 1865 4605; x_wconf 81' lang='lat' dir='ltr'><strong>rerc</strong></span> 
     </span>
    </p>
   </div>
   <div class='ocr_carea' id='block_1_14' title="bbox 246 4619 1045 4696">
    <p class='ocr_par' dir='ltr' id='par_1_19' title="bbox 246 4619 1045 4696">
     <span class='ocr_line' id='line_1_78' title="bbox 246 4619 1045 4696; baseline -0.013 -10"><span class='ocrx_word' id='word_1_843' title='bbox 246 4622 370 4686; x_wconf 78' lang='lat' dir='ltr'><strong>&#39;bomani</strong></span> <span class='ocrx_word' id='word_1_844' title='bbox 382 4630 535 4687; x_wconf 87' lang='lat' dir='ltr'><strong>auctoribus</strong></span> <span class='ocrx_word' id='word_1_845' title='bbox 544 4619 673 4691; x_wconf 88' lang='lat' dir='ltr'><strong>additam,</strong></span> <span class='ocrx_word' id='word_1_846' title='bbox 683 4625 746 4696; x_wconf 82' lang='lat' dir='ltr'><strong>jure</strong></span> <span class='ocrx_word' id='word_1_847' title='bbox 755 4638 805 4680; x_wconf 89' lang='lat' dir='ltr'><strong>suo</strong></span> <span class='ocrx_word' id='word_1_848' title='bbox 813 4624 891 4681; x_wconf 76' lang='lat' dir='ltr'><strong>senti</strong></span> <span class='ocrx_word' id='word_1_849' title='bbox 904 4631 1045 4678; x_wconf 90' lang='lat' dir='ltr'><strong>autuman·</strong></span> 
     </span>
    </p>
   </div>
   <div class='ocr_carea' id='block_1_15' title="bbox 1100 4621 1859 4697">
    <p class='ocr_par' dir='ltr' id='par_1_20' title="bbox 1100 4621 1859 4697">
     <span class='ocr_line' id='line_1_79' title="bbox 1100 4621 1859 4697; baseline -0.009 -18"><span class='ocrx_word' id='word_1_850' title='bbox 1100 4640 1128 4679; x_wconf 87' lang='lat' dir='ltr'><strong>ra</strong></span> <span class='ocrx_word' id='word_1_851' title='bbox 1142 4627 1314 4696; x_wconf 88' lang='lat' dir='ltr'><strong>perspicuum</strong></span> <span class='ocrx_word' id='word_1_852' title='bbox 1329 4633 1370 4679; x_wconf 87' lang='lat' dir='ltr'><strong>est</strong></span> <span class='ocrx_word' id='word_1_853' title='bbox 1384 4637 1416 4680; x_wconf 81' lang='lat' dir='ltr'><strong>cs</strong></span> <span class='ocrx_word' id='word_1_854' title='bbox 1437 4621 1528 4680; x_wconf 87' lang='lat' dir='ltr'><strong>Leone</strong></span> <span class='ocrx_word' id='word_1_855' title='bbox 1543 4631 1636 4679; x_wconf 87' lang='lat' dir='ltr'><strong>nostro</strong></span> <span class='ocrx_word' id='word_1_856' title='bbox 1657 4636 1739 4697; x_wconf 88' lang='lat' dir='ltr'><strong>atque</strong></span> <span class='ocrx_word' id='word_1_857' title='bbox 1762 4624 1837 4679; x_wconf 87' lang='lat' dir='ltr'><strong>etiarn</strong></span> <span class='ocrx_word' id='word_1_858' title='bbox 1852 4637 1859 4672; x_wconf 88' lang='grc' dir='ltr'><strong>ι</strong></span> 
     </span>
    </p>
   </div>
   <div class='ocr_carea' id='block_1_16' title="bbox 778 4735 1349 4795">
    <p class='ocr_par' dir='ltr' id='par_1_21' title="bbox 778 4735 1349 4795">
     <span class='ocr_line' id='line_1_80' title="bbox 778 4735 1349 4795; baseline -0.005 -2"><span class='ocrx_word' id='word_1_859' title='bbox 778 4735 1058 4793; x_wconf 68' lang='lat' dir='ltr'><strong>hathumarutditt</strong></span> <span class='ocrx_word' id='word_1_860' title='bbox 1077 4736 1349 4795; x_wconf 73' lang='lat' dir='ltr'><strong>eudemiortss.</strong></span> 
     </span>
    </p>
   </div>
   <div class='ocr_carea' id='block_1_17' title="bbox 254 4825 1048 5747">
    <p class='ocr_par' dir='ltr' id='par_1_22' title="bbox 255 4825 1045 4977">
     <span class='ocr_line' id='line_1_81' title="bbox 255 4825 1045 4901; baseline -0.01 -8"><span class='ocrx_word' id='word_1_861' title='bbox 255 4834 355 4893; x_wconf 86' lang='lat' dir='ltr'><strong>clamet</strong></span> <span class='ocrx_word' id='word_1_862' title='bbox 375 4833 497 4888; x_wconf 86' lang='lat' dir='ltr'><strong>itomana</strong></span> <span class='ocrx_word' id='word_1_863' title='bbox 511 4830 597 4888; x_wconf 91' lang='lat' dir='ltr'><strong>codici</strong></span> <span class='ocrx_word' id='word_1_864' title='bbox 618 4841 774 4901; x_wconf 84' lang='lat' dir='ltr'><strong>appensam.</strong></span> <span class='ocrx_word' id='word_1_865' title='bbox 790 4826 858 4884; x_wconf 81' lang='lat' dir='ltr'><strong>Vide</strong></span> <span class='ocrx_word' id='word_1_866' title='bbox 876 4825 1045 4885; x_wconf 79' lang='lat' dir='ltr'><strong>observacio-</strong></span> 
     </span>
     <span class='ocr_line' id='line_1_82' title="bbox 256 4899 692 4977; baseline -0.025 -11"><span class='ocrx_word' id='word_1_867' title='bbox 256 4921 305 4966; x_wconf 91' lang='lat' dir='ltr'><strong>nes</strong></span> <span class='ocrx_word' id='word_1_868' title='bbox 318 4904 499 4977; x_wconf 78' lang='lat' dir='ltr'><strong>subjiciendas</strong></span> <span class='ocrx_word' id='word_1_869' title='bbox 510 4918 569 4970; x_wconf 86' lang='lat' dir='ltr'><strong>cap.</strong></span> <span class='ocrx_word' id='word_1_870' title='bbox 581 4903 610 4968; x_wconf 73' lang='lat'><strong>2,</strong></span> <span class='ocrx_word' id='word_1_871' title='bbox 624 4916 653 4956; x_wconf 92' lang='grc' dir='ltr'><strong>ιι.</strong></span> <span class='ocrx_word' id='word_1_872' title='bbox 666 4899 692 4955; x_wconf 75' lang='lat' dir='ltr'><strong>s.</strong></span> 
     </span>
    </p>

    <p class='ocr_par' dir='ltr' id='par_1_23' title="bbox 254 4968 1048 5466">
     <span class='ocr_line' id='line_1_83' title="bbox 291 4968 1048 5054; baseline -0.009 -20"><span class='ocrx_word' id='word_1_873' title='bbox 291 4975 341 5054; x_wconf 86' lang='lat' dir='ltr'><strong>(a)</strong></span> <span class='ocrx_word' id='word_1_874' title='bbox 362 4979 430 5032; x_wconf 77' lang='lat' dir='ltr'><strong>Ciam</strong></span> <span class='ocrx_word' id='word_1_875' title='bbox 444 4974 496 5031; x_wconf 89' lang='lat' dir='ltr'><strong>alia</strong></span> <span class='ocrx_word' id='word_1_876' title='bbox 512 4974 595 5028; x_wconf 91' lang='lat' dir='ltr'><strong>muita</strong></span> <span class='ocrx_word' id='word_1_877' title='bbox 610 4968 830 5043; x_wconf 71' lang='lat' dir='ltr'><strong>prestantissima</strong></span> <span class='ocrx_word' id='word_1_878' title='bbox 848 4968 987 5040; x_wconf 90' lang='lat' dir='ltr'><strong>pontidcia</strong></span> <span class='ocrx_word' id='word_1_879' title='bbox 999 4972 1048 5027; x_wconf 90' lang='lat' dir='ltr'><strong>de·</strong></span> 
     </span>
     <span class='ocr_line' id='line_1_84' title="bbox 256 5040 1045 5111; baseline -0.014 -4"><span class='ocrx_word' id='word_1_880' title='bbox 256 5060 330 5109; x_wconf 85' lang='lat' dir='ltr'><strong>creta</strong></span> <span class='ocrx_word' id='word_1_881' title='bbox 340 5047 430 5104; x_wconf 83' lang='lat' dir='ltr'><strong>desint</strong></span> <span class='ocrx_word' id='word_1_882' title='bbox 441 5053 497 5103; x_wconf 90' lang='lat' dir='ltr'><strong>tum</strong></span> <span class='ocrx_word' id='word_1_883' title='bbox 508 5044 534 5100; x_wconf 91' lang='lat' dir='ltr'><strong>iu</strong></span> <span class='ocrx_word' id='word_1_884' title='bbox 547 5056 638 5100; x_wconf 89' lang='lat' dir='ltr'><strong>nostro</strong></span> <span class='ocrx_word' id='word_1_885' title='bbox 649 5041 753 5106; x_wconf 86' lang='lat' dir='ltr'><strong>codice,</strong></span> <span class='ocrx_word' id='word_1_886' title='bbox 765 5049 821 5096; x_wconf 92' lang='lat' dir='ltr'><strong>tum</strong></span> <span class='ocrx_word' id='word_1_887' title='bbox 832 5040 858 5096; x_wconf 93' lang='lat' dir='ltr'><strong>iu</strong></span> <span class='ocrx_word' id='word_1_888' title='bbox 871 5042 1045 5111; x_wconf 76' lang='lat' dir='ltr'><strong>Dionysiana,</strong></span> 
     </span>
     <span class='ocr_line' id='line_1_85' title="bbox 255 5109 1044 5247; baseline -0.015 -70"><span class='ocrx_word' id='word_1_889' title='bbox 255 5109 317 5192; x_wconf 78' lang='lat' dir='ltr'><strong>que</strong></span> <span class='ocrx_word' id='word_1_890' title='bbox 328 5132 443 5247; x_wconf 58' lang='grc' dir='ltr'>ιιιιοὲιιι</span> <span class='ocrx_word' id='word_1_891' title='bbox 454 5116 547 5173; x_wconf 88' lang='lat' dir='ltr'><strong>codice</strong></span> <span class='ocrx_word' id='word_1_892' title='bbox 563 5129 610 5171; x_wconf 88' lang='lat' dir='ltr'><strong>seu</strong></span> <span class='ocrx_word' id='word_1_893' title='bbox 623 5114 782 5170; x_wconf 87' lang='lat' dir='ltr'><strong>collectione</strong></span> <span class='ocrx_word' id='word_1_894' title='bbox 797 5112 949 5195; x_wconf 77' lang='lat' dir='ltr'><strong>antiquiora</strong></span> <span class='ocrx_word' id='word_1_895' title='bbox 964 5125 1044 5176; x_wconf 63' lang='lat' dir='ltr'><strong>sunu</strong></span> 
     </span>
     <span class='ocr_line' id='line_1_86' title="bbox 254 5182 1048 5254; baseline -0.013 -6"><span class='ocrx_word' id='word_1_896' title='bbox 254 5193 377 5250; x_wconf 88' lang='lat' dir='ltr'><strong>deiectas</strong></span> <span class='ocrx_word' id='word_1_897' title='bbox 411 5187 522 5247; x_wconf 88' lang='lat' dir='ltr'><strong>elasiani</strong></span> <span class='ocrx_word' id='word_1_898' title='bbox 535 5185 637 5244; x_wconf 88' lang='lat' dir='ltr'><strong>decreti</strong></span> <span class='ocrx_word' id='word_1_899' title='bbox 652 5185 685 5239; x_wconf 90' lang='lat' dir='ltr'><strong>de</strong></span> <span class='ocrx_word' id='word_1_900' title='bbox 696 5182 856 5254; x_wconf 82' lang='lat' dir='ltr'><strong>apocryphis</strong></span> <span class='ocrx_word' id='word_1_901' title='bbox 871 5183 978 5238; x_wconf 85' lang='lat' dir='ltr'><strong>eusdem</strong></span> <span class='ocrx_word' id='word_1_902' title='bbox 991 5185 1048 5238; x_wconf 90' lang='lat' dir='ltr'><strong>col·</strong></span> 
     </span>
     <span class='ocr_line' id='line_1_87' title="bbox 257 5252 1046 5319; baseline -0.008 -4"><span class='ocrx_word' id='word_1_903' title='bbox 257 5264 386 5319; x_wconf 90' lang='lat' dir='ltr'><strong>lectiones</strong></span> <span class='ocrx_word' id='word_1_904' title='bbox 404 5261 553 5317; x_wconf 87' lang='lat' dir='ltr'><strong>anteriores</strong></span> <span class='ocrx_word' id='word_1_905' title='bbox 571 5274 623 5312; x_wconf 90' lang='lat' dir='ltr'><strong>non</strong></span> <span class='ocrx_word' id='word_1_906' title='bbox 637 5256 743 5310; x_wconf 88' lang='lat' dir='ltr'><strong>astruit.</strong></span> <span class='ocrx_word' id='word_1_907' title='bbox 760 5252 846 5307; x_wconf 84' lang='lat' dir='ltr'><strong>Porro</strong></span> <span class='ocrx_word' id='word_1_908' title='bbox 863 5254 934 5309; x_wconf 89' lang='lat' dir='ltr'><strong>idem</strong></span> <span class='ocrx_word' id='word_1_909' title='bbox 950 5254 1046 5309; x_wconf 90' lang='lat' dir='ltr'><strong>decre·</strong></span> 
     </span>
     <span class='ocr_line' id='line_1_88' title="bbox 256 5323 1048 5403; baseline -0.011 -16"><span class='ocrx_word' id='word_1_910' title='bbox 256 5342 313 5389; x_wconf 90' lang='lat' dir='ltr'><strong>tum</strong></span> <span class='ocrx_word' id='word_1_911' title='bbox 327 5332 427 5390; x_wconf 87' lang='lat' dir='ltr'><strong>Gelasii</strong></span> <span class='ocrx_word' id='word_1_912' title='bbox 440 5345 508 5403; x_wconf 85' lang='lat' dir='ltr'><strong>opus</strong></span> <span class='ocrx_word' id='word_1_913' title='bbox 522 5345 583 5387; x_wconf 85' lang='lat' dir='ltr'><strong>esse</strong></span> <span class='ocrx_word' id='word_1_914' title='bbox 599 5328 773 5400; x_wconf 70' lang='lat' dir='ltr'><strong>probavimus</strong></span> <span class='ocrx_word' id='word_1_915' title='bbox 789 5325 816 5381; x_wconf 93' lang='lat' dir='ltr'><strong>in</strong></span> <span class='ocrx_word' id='word_1_916' title='bbox 830 5323 959 5380; x_wconf 85' lang='lat' dir='ltr'><strong>Tractatu</strong></span> <span class='ocrx_word' id='word_1_917' title='bbox 978 5333 1048 5395; x_wconf 90' lang='lat' dir='ltr'><strong>part.</strong></span> 
     </span>
     <span class='ocr_line' id='line_1_89' title="bbox 255 5403 461 5466; baseline 0.005 -8"><span class='ocrx_word' id='word_1_918' title='bbox 255 5417 284 5459; x_wconf 91' lang='lat' dir='ltr'><strong>tu</strong></span> <span class='ocrx_word' id='word_1_919' title='bbox 312 5403 395 5466; x_wconf 79' lang='lat' dir='ltr'><strong>cti.</strong></span> <span class='ocrx_word' id='word_1_920' title='bbox 433 5403 461 5460; x_wconf 81' lang='lat'><strong>5.</strong></span> 
     </span>
    </p>

    <p class='ocr_par' dir='ltr' id='par_1_24' title="bbox 256 5404 1047 5612">
     <span class='ocr_line' id='line_1_90' title="bbox 287 5404 1047 5550; baseline -0.008 -24"><span class='ocrx_word' id='word_1_921' title='bbox 287 5444 338 5544; x_wconf 75' lang='grc' dir='ltr'>’(ι)</span> <span class='ocrx_word' id='word_1_922' title='bbox 359 5404 459 5532; x_wconf 57' lang='lat' dir='ltr'><strong>nouiter</strong></span> <span class='ocrx_word' id='word_1_923' title='bbox 470 5470 670 5530; x_wconf 77' lang='lat' dir='ltr'><strong>obseruationes</strong></span> <span class='ocrx_word' id='word_1_924' title='bbox 684 5481 744 5539; x_wconf 88' lang='lat' dir='ltr'><strong>cap.</strong></span> <span class='ocrx_word' id='word_1_925' title='bbox 755 5466 785 5536; x_wconf 70' lang='lat' dir='ltr'><strong>s,</strong></span> <span class='ocrx_word' id='word_1_926' title='bbox 797 5482 825 5523; x_wconf 90' lang='lat' dir='ltr'><strong>u.</strong></span> <span class='ocrx_word' id='word_1_927' title='bbox 840 5463 867 5536; x_wconf 73' lang='grc' dir='ltr'><strong>ὅ,</strong></span> <span class='ocrx_word' id='word_1_928' title='bbox 881 5463 927 5521; x_wconf 88' lang='lat' dir='ltr'><strong>ubi</strong></span> <span class='ocrx_word' id='word_1_929' title='bbox 941 5462 1047 5550; x_wconf 71' lang='lat' dir='ltr'><strong>bocar·</strong></span> 
     </span>
     <span class='ocr_line' id='line_1_91' title="bbox 256 5543 1021 5612; baseline -0.004 -14"><span class='ocrx_word' id='word_1_930' title='bbox 256 5543 610 5612; x_wconf 79' lang='lat' dir='ltr'><strong>mineutomcxpumimus</strong></span> <span class='ocrx_word' id='word_1_931' title='bbox 1008 5556 1021 5584; x_wconf 72' lang='grc' dir='ltr'><strong><em>ο</em></strong></span> 
     </span>
    </p>

    <p class='ocr_par' dir='ltr' id='par_1_25' title="bbox 291 5601 631 5732">
     <span class='ocr_line' id='line_1_92' title="bbox 291 5601 631 5732; baseline 0.003 -68"><span class='ocrx_word' id='word_1_932' title='bbox 291 5601 427 5732; x_wconf 46' lang='lat' dir='ltr'><strong>§cpiiide</strong></span> <span class='ocrx_word' id='word_1_933' title='bbox 435 5609 545 5681; x_wconf 85' lang='lat' dir='ltr'><strong>ibidem,</strong></span> <span class='ocrx_word' id='word_1_934' title='bbox 559 5628 588 5669; x_wconf 89' lang='grc' dir='ltr'><strong>ιι.</strong></span> <span class='ocrx_word' id='word_1_935' title='bbox 604 5613 631 5666; x_wconf 86' lang='grc' dir='ltr'><strong>ι.</strong></span> 
     </span>
    </p>

    <p class='ocr_par' dir='ltr' id='par_1_26' title="bbox 302 5667 612 5747">
     <span class='ocr_line' id='line_1_93' title="bbox 302 5667 612 5747; baseline -0.006 -13"><span class='ocrx_word' id='word_1_936' title='bbox 302 5667 331 5746; x_wconf 74' lang='lat' dir='ltr'><strong>di</strong></span> <span class='ocrx_word' id='word_1_937' title='bbox 344 5679 414 5747; x_wconf 70' lang='lat' dir='ltr'><strong>Lege</strong></span> <span class='ocrx_word' id='word_1_938' title='bbox 425 5680 533 5742; x_wconf 89' lang='lat' dir='ltr'><strong>ibidem,</strong></span> <span class='ocrx_word' id='word_1_939' title='bbox 545 5697 571 5734; x_wconf 93' lang='lat' dir='ltr'><strong>n.</strong></span> <span class='ocrx_word' id='word_1_940' title='bbox 584 5679 612 5736; x_wconf 73' lang='lat' dir='ltr'><strong>b.</strong></span> 
     </span>
    </p>
   </div>
   <div class='ocr_carea' id='block_1_18' title="bbox 291 5747 1037 5823">
    <p class='ocr_par' dir='ltr' id='par_1_27' title="bbox 291 5747 1037 5823">
     <span class='ocr_line' id='line_1_94' title="bbox 291 5747 1037 5823; baseline 0.012 -27"><span class='ocrx_word' id='word_1_941' title='bbox 291 5748 329 5818; x_wconf 68' lang='lat' dir='ltr'><strong>(cp</strong></span> <span class='ocrx_word' id='word_1_942' title='bbox 344 5747 400 5806; x_wconf 80' lang='lat' dir='ltr'><strong>linc</strong></span> <span class='ocrx_word' id='word_1_943' title='bbox 415 5747 569 5818; x_wconf 64' lang='lat' dir='ltr'><strong>negativum</strong></span> <span class='ocrx_word' id='word_1_944' title='bbox 591 5758 776 5823; x_wconf 60' lang='lat' dir='ltr'><strong>armamentum</strong></span> <span class='ocrx_word' id='word_1_945' title='bbox 798 5747 897 5807; x_wconf 84' lang='lat' dir='ltr'><strong>ibidem</strong></span> <span class='ocrx_word' id='word_1_946' title='bbox 918 5747 1037 5819; x_wconf 80' lang='lat' dir='ltr'><strong>rejicitur</strong></span> 
     </span>
    </p>
   </div>
   <div class='ocr_carea' id='block_1_19' title="bbox 1094 4830 1943 5745">
    <p class='ocr_par' dir='ltr' id='par_1_28' title="bbox 1098 4830 1168 4886">
     <span class='ocr_line' id='line_1_95' title="bbox 1098 4830 1168 4886; baseline 0 0"><span class='ocrx_word' id='word_1_947' title='bbox 1098 4845 1126 4886; x_wconf 90' lang='lat' dir='ltr'><strong>n.</strong></span> <span class='ocrx_word' id='word_1_948' title='bbox 1141 4830 1168 4886; x_wconf 87' lang='lat'><strong>6.</strong></span> 
     </span>
    </p>

    <p class='ocr_par' dir='ltr' id='par_1_29' title="bbox 1097 4900 1943 5391">
     <span class='ocr_line' id='line_1_96' title="bbox 1133 4900 1867 4974; baseline 0.001 -19"><span class='ocrx_word' id='word_1_949' title='bbox 1133 4902 1173 4974; x_wconf 76' lang='lat' dir='ltr'><strong>(s)</strong></span> <span class='ocrx_word' id='word_1_950' title='bbox 1186 4901 1275 4958; x_wconf 83' lang='lat' dir='ltr'><strong>Codes</strong></span> <span class='ocrx_word' id='word_1_951' title='bbox 1286 4902 1363 4957; x_wconf 80' lang='lat' dir='ltr'><strong>Alani</strong></span> <span class='ocrx_word' id='word_1_952' title='bbox 1379 4900 1455 4969; x_wconf 81' lang='lat' dir='ltr'><strong>Capi.</strong></span> <span class='ocrx_word' id='word_1_953' title='bbox 1472 4902 1500 4958; x_wconf 90' lang='lat' dir='ltr'><strong>in</strong></span> <span class='ocrx_word' id='word_1_954' title='bbox 1512 4916 1566 4972; x_wconf 86' lang='lat' dir='ltr'><strong>quo</strong></span> <span class='ocrx_word' id='word_1_955' title='bbox 1585 4901 1688 4958; x_wconf 75' lang='lat' dir='ltr'><strong>Nicaeni</strong></span> <span class='ocrx_word' id='word_1_956' title='bbox 1702 4918 1816 4961; x_wconf 77' lang='lat' dir='ltr'><strong>canones</strong></span> <span class='ocrx_word' id='word_1_957' title='bbox 1828 4917 1867 4956; x_wconf 77' lang='lat' dir='ltr'><strong>cur</strong></span> 
     </span>
     <span class='ocr_line' id='line_1_97' title="bbox 1098 4971 1943 5045; baseline -0.006 -19"><span class='ocrx_word' id='word_1_958' title='bbox 1098 4971 1304 5030; x_wconf 82' lang='lat' dir='ltr'><strong>sardicensibus</strong></span> <span class='ocrx_word' id='word_1_959' title='bbox 1316 4974 1507 5045; x_wconf 77' lang='lat' dir='ltr'><strong>jtrnqehautur,</strong></span> <span class='ocrx_word' id='word_1_960' title='bbox 1523 4974 1556 5028; x_wconf 91' lang='lat' dir='ltr'><strong>ad</strong></span> <span class='ocrx_word' id='word_1_961' title='bbox 1571 4983 1692 5029; x_wconf 79' lang='lat' dir='ltr'><strong>nostram</strong></span> <span class='ocrx_word' id='word_1_962' title='bbox 1705 4975 1874 5031; x_wconf 79' lang='lat' dir='ltr'><strong>collectiones·</strong></span> <span class='ocrx_word' id='word_1_963' title='bbox 1934 4977 1943 5000; x_wconf 87' lang='lat'><strong>·</strong></span> 
     </span>
     <span class='ocr_line' id='line_1_98' title="bbox 1099 5044 1865 5115; baseline 0.003 -17"><span class='ocrx_word' id='word_1_964' title='bbox 1099 5044 1268 5111; x_wconf 64' lang='lat' dir='ltr'><strong>pertinetem</strong></span> <span class='ocrx_word' id='word_1_965' title='bbox 1280 5060 1330 5108; x_wconf 88' lang='lat' dir='ltr'><strong>nec</strong></span> <span class='ocrx_word' id='word_1_966' title='bbox 1344 5052 1434 5099; x_wconf 88' lang='lat' dir='ltr'><strong>tamen</strong></span> <span class='ocrx_word' id='word_1_967' title='bbox 1449 5044 1546 5099; x_wconf 80' lang='lat' dir='ltr'><strong>exinde</strong></span> <span class='ocrx_word' id='word_1_968' title='bbox 1567 5048 1691 5115; x_wconf 85' lang='lat' dir='ltr'><strong>sequitur</strong></span> <span class='ocrx_word' id='word_1_969' title='bbox 1714 5049 1783 5104; x_wconf 83' lang='lat' dir='ltr'><strong>hcine</strong></span> <span class='ocrx_word' id='word_1_970' title='bbox 1807 5044 1865 5100; x_wconf 71' lang='lat' dir='ltr'><strong>iuis</strong></span> 
     </span>
     <span class='ocr_line' id='line_1_99' title="bbox 1097 5114 1866 5188; baseline 0.003 -21"><span class='ocrx_word' id='word_1_971' title='bbox 1097 5114 1220 5170; x_wconf 88' lang='lat' dir='ltr'><strong>codicem</strong></span> <span class='ocrx_word' id='word_1_972' title='bbox 1237 5118 1364 5170; x_wconf 78' lang='lat' dir='ltr'><strong>itomanm</strong></span> <span class='ocrx_word' id='word_1_973' title='bbox 1379 5114 1516 5180; x_wconf 77' lang='lat' dir='ltr'><strong>Ecclesiae,</strong></span> <span class='ocrx_word' id='word_1_974' title='bbox 1528 5130 1588 5169; x_wconf 92' lang='lat' dir='ltr'><strong>cum</strong></span> <span class='ocrx_word' id='word_1_975' title='bbox 1602 5116 1663 5170; x_wconf 72' lang='lat' dir='ltr'><strong>aliae</strong></span> <span class='ocrx_word' id='word_1_976' title='bbox 1686 5132 1791 5188; x_wconf 88' lang='lat' dir='ltr'><strong>quoque</strong></span> <span class='ocrx_word' id='word_1_977' title='bbox 1809 5115 1866 5169; x_wconf 69' lang='lat' dir='ltr'><strong>collo</strong></span> 
     </span>
     <span class='ocr_line' id='line_1_100' title="bbox 1099 5184 1866 5255; baseline 0.004 -17"><span class='ocrx_word' id='word_1_978' title='bbox 1099 5185 1203 5240; x_wconf 87' lang='lat' dir='ltr'><strong>ctioues</strong></span> <span class='ocrx_word' id='word_1_979' title='bbox 1215 5202 1267 5240; x_wconf 92' lang='lat' dir='ltr'><strong>non</strong></span> <span class='ocrx_word' id='word_1_980' title='bbox 1283 5187 1411 5242; x_wconf 74' lang='lat' dir='ltr'><strong>Rollianae</strong></span> <span class='ocrx_word' id='word_1_981' title='bbox 1424 5185 1538 5241; x_wconf 88' lang='lat' dir='ltr'><strong>subinde</strong></span> <span class='ocrx_word' id='word_1_982' title='bbox 1553 5189 1670 5242; x_wconf 74' lang='lat' dir='ltr'><strong>inurente</strong></span> <span class='ocrx_word' id='word_1_983' title='bbox 1681 5190 1745 5255; x_wconf 89' lang='lat' dir='ltr'><strong>sint,</strong></span> <span class='ocrx_word' id='word_1_984' title='bbox 1757 5191 1781 5241; x_wconf 89' lang='lat' dir='ltr'><strong>iu</strong></span> <span class='ocrx_word' id='word_1_985' title='bbox 1793 5184 1866 5252; x_wconf 72' lang='lat' dir='ltr'><strong>uuila</strong></span> 
     </span>
     <span class='ocr_line' id='line_1_101' title="bbox 1099 5255 1874 5331; baseline -0.001 -22"><span class='ocrx_word' id='word_1_986' title='bbox 1099 5255 1193 5309; x_wconf 84' lang='lat' dir='ltr'><strong>eadem</strong></span> <span class='ocrx_word' id='word_1_987' title='bbox 1213 5258 1332 5325; x_wconf 80' lang='lat' dir='ltr'><strong>ipsorum</strong></span> <span class='ocrx_word' id='word_1_988' title='bbox 1345 5272 1478 5312; x_wconf 79' lang='lat' dir='ltr'><strong>cationum</strong></span> <span class='ocrx_word' id='word_1_989' title='bbox 1495 5256 1652 5327; x_wconf 81' lang='lat' dir='ltr'><strong>coniunctio</strong></span> <span class='ocrx_word' id='word_1_990' title='bbox 1669 5257 1874 5331; x_wconf 84' lang='lat' dir='ltr'><strong>deprehenditur</strong></span> 
     </span>
     <span class='ocr_line' id='line_1_102' title="bbox 1109 5323 1468 5391; baseline 0.011 -11"><span class='ocrx_word' id='word_1_991' title='bbox 1109 5323 1301 5382; x_wconf 77' lang='lat' dir='ltr'><strong>liecensem.</strong></span> <span class='ocrx_word' id='word_1_992' title='bbox 1317 5344 1342 5383; x_wconf 89' lang='lat' dir='ltr'><strong>c.</strong></span> <span class='ocrx_word' id='word_1_993' title='bbox 1357 5327 1385 5391; x_wconf 71' lang='lat' dir='ltr'><strong>s,</strong></span> <span class='ocrx_word' id='word_1_994' title='bbox 1400 5344 1426 5381; x_wconf 90' lang='grc' dir='ltr'><strong>ιι.</strong></span> <span class='ocrx_word' id='word_1_995' title='bbox 1442 5328 1468 5383; x_wconf 78' lang='lat'><strong>7.</strong></span> 
     </span>
    </p>

    <p class='ocr_par' dir='ltr' id='par_1_30' title="bbox 1101 5394 1872 5547">
     <span class='ocr_line' id='line_1_103' title="bbox 1140 5394 1872 5469; baseline 0.001 -18"><span class='ocrx_word' id='word_1_996' title='bbox 1140 5395 1179 5467; x_wconf 78' lang='lat' dir='ltr'><strong>iq)</strong></span> <span class='ocrx_word' id='word_1_997' title='bbox 1196 5397 1257 5452; x_wconf 86' lang='lat' dir='ltr'><strong>ilaec</strong></span> <span class='ocrx_word' id='word_1_998' title='bbox 1269 5398 1371 5462; x_wconf 87' lang='lat' dir='ltr'><strong>plenius</strong></span> <span class='ocrx_word' id='word_1_999' title='bbox 1381 5398 1515 5462; x_wconf 82' lang='lat' dir='ltr'><strong>explicata</strong></span> <span class='ocrx_word' id='word_1_1000' title='bbox 1522 5396 1631 5456; x_wconf 83' lang='lat' dir='ltr'><strong>luerunt</strong></span> <span class='ocrx_word' id='word_1_1001' title='bbox 1645 5401 1672 5456; x_wconf 93' lang='lat' dir='ltr'><strong>in</strong></span> <span class='ocrx_word' id='word_1_1002' title='bbox 1684 5394 1872 5469; x_wconf 76' lang='lat' dir='ltr'><strong>premisso‘i‘n</strong></span> 
     </span>
     <span class='ocr_line' id='line_1_104' title="bbox 1101 5467 1831 5547; baseline 0.01 -26"><span class='ocrx_word' id='word_1_1003' title='bbox 1101 5475 1174 5523; x_wconf 89' lang='lat' dir='ltr'><strong>ctatu</strong></span> <span class='ocrx_word' id='word_1_1004' title='bbox 1185 5468 1218 5523; x_wconf 95' lang='lat' dir='ltr'><strong>de</strong></span> <span class='ocrx_word' id='word_1_1005' title='bbox 1231 5467 1439 5524; x_wconf 86' lang='lat' dir='ltr'><strong>Collectiouihus</strong></span> <span class='ocrx_word' id='word_1_1006' title='bbox 1452 5477 1521 5539; x_wconf 86' lang='lat' dir='ltr'><strong>pact.</strong></span> <span class='ocrx_word' id='word_1_1007' title='bbox 1536 5484 1565 5535; x_wconf 86' lang='grc' dir='ltr'><strong>ιι,</strong></span> <span class='ocrx_word' id='word_1_1008' title='bbox 1577 5486 1603 5526; x_wconf 89' lang='lat' dir='ltr'><strong>c.</strong></span> <span class='ocrx_word' id='word_1_1009' title='bbox 1620 5472 1647 5536; x_wconf 87' lang='lat' dir='ltr'><strong>i,</strong></span> <span class='ocrx_word' id='word_1_1010' title='bbox 1668 5488 1742 5527; x_wconf 85' lang='lat' dir='ltr'><strong>nuru.</strong></span> <span class='ocrx_word' id='word_1_1011' title='bbox 1755 5471 1779 5526; x_wconf 86' lang='lat' dir='ltr'><strong>i.</strong></span> <span class='ocrx_word' id='word_1_1012' title='bbox 1824 5533 1831 5547; x_wconf 51' lang='grc'>,</span> 
     </span>
    </p>

    <p class='ocr_par' dir='ltr' id='par_1_31' title="bbox 1094 5538 1872 5745">
     <span class='ocr_line' id='line_1_105' title="bbox 1135 5538 1866 5616; baseline 0 -26"><span class='ocrx_word' id='word_1_1013' title='bbox 1135 5538 1174 5611; x_wconf 87' lang='grc' dir='ltr'>(ιι)</span> <span class='ocrx_word' id='word_1_1014' title='bbox 1192 5538 1284 5594; x_wconf 89' lang='lat' dir='ltr'><strong>llocet</strong></span> <span class='ocrx_word' id='word_1_1015' title='bbox 1297 5555 1412 5608; x_wconf 89' lang='lat' dir='ltr'><strong>sequeus</strong></span> <span class='ocrx_word' id='word_1_1016' title='bbox 1423 5553 1609 5607; x_wconf 78' lang='lat' dir='ltr'><strong>argumentum</strong></span> <span class='ocrx_word' id='word_1_1017' title='bbox 1626 5556 1661 5598; x_wconf 82' lang='lat' dir='ltr'><strong>es</strong></span> <span class='ocrx_word' id='word_1_1018' title='bbox 1677 5540 1866 5616; x_wconf 66' lang='lat' dir='ltr'><strong>hirtiochcnrag</strong></span> 
     </span>
     <span class='ocr_line' id='line_1_106' title="bbox 1096 5607 1872 5686; baseline 0.004 -22"><span class='ocrx_word' id='word_1_1019' title='bbox 1096 5607 1403 5678; x_wconf 79' lang='lat' dir='ltr'><strong>Constantinopolitanis</strong></span> <span class='ocrx_word' id='word_1_1020' title='bbox 1418 5612 1568 5669; x_wconf 89' lang='lat' dir='ltr'><strong>canonibus</strong></span> <span class='ocrx_word' id='word_1_1021' title='bbox 1583 5613 1693 5686; x_wconf 83' lang='lat' dir='ltr'><strong>ductum</strong></span> <span class='ocrx_word' id='word_1_1022' title='bbox 1709 5609 1841 5685; x_wconf 80' lang='lat' dir='ltr'><strong>rejicietttt</strong></span> <span class='ocrx_word' id='word_1_1023' title='bbox 1855 5619 1872 5660; x_wconf 83' lang='lat' dir='ltr'><strong>t·</strong></span> 
     </span>
     <span class='ocr_line' id='line_1_107' title="bbox 1094 5682 1370 5745; baseline 0 -8"><span class='ocrx_word' id='word_1_1024' title='bbox 1094 5684 1205 5738; x_wconf 78' lang='lat' dir='ltr'><strong>observ.</strong></span> <span class='ocrx_word' id='word_1_1025' title='bbox 1221 5696 1245 5738; x_wconf 88' lang='lat' dir='ltr'><strong>c.</strong></span> <span class='ocrx_word' id='word_1_1026' title='bbox 1261 5682 1289 5745; x_wconf 74' lang='lat'><strong>2,</strong></span> <span class='ocrx_word' id='word_1_1027' title='bbox 1301 5698 1328 5737; x_wconf 91' lang='lat' dir='ltr'><strong>u.</strong></span> <span class='ocrx_word' id='word_1_1028' title='bbox 1345 5682 1370 5741; x_wconf 69' lang='lat' dir='ltr'><strong>s</strong></span> 
     </span>
    </p>
   </div>
   <div class='ocr_carea' id='block_1_20' title="bbox 0 0 2005 6164">
    <p class='ocr_par' dir='ltr' id='par_1_32' title="bbox 0 0 2005 6164">
     <span class='ocr_line' id='line_1_108' title="bbox 0 0 2005 6164; baseline 0 0"><span class='ocrx_word' id='word_1_1029' title='bbox 0 0 2005 6164; x_wconf 95' lang='lat' dir='ltr'><strong> </strong></span> 
     </span>
    </p>
   </div>
  </div>
 </body>
</html>
