4000 6175
130 202 185 262 903
353 195 508 255 dissilit.
528 192 798 264 tepuissetis.
820 194 866 254 DE
885 194 1009 255 colticis
1029 192 1191 254 cnttotttstt
1210 190 1560 250 temperassemus.
1713 188 1767 261 sm

151 390 201 440 ieet

129 313 213 442 ἕω
226 309 293 367 dlis
318 309 378 366 aliis
394 309 559 379 antiquiores
575 309 693 380 priorum
714 317 863 375 temporum
877 322 923 362 co·
940 310 963 367 h
979 306 1020 380 (d)
1034 309 1120 365 nullos
1134 310 1201 366 aiios
1212 324 1331 365 canones
1340 308 1481 377 resoluere
1488 309 1563 363 ercle
1578 310 1686 365 iasticas
1695 320 1768 361 com-

203 391 455 449 ncomposueruet3
466 380 536 446 aliae,
547 395 607 446 quae
616 379 800 449 juniorisoeui
812 380 925 434 subinde
979 380 1085 446 plerum
1106 396 1167 435 esse
1186 390 1284 450 praeter
1300 380 1398 434 Nicaeni
1419 380 1641 447 Sardiccnsisqne
1662 380 1768 434 conscilii

131 451 356 523 persuocedcntia
368 450 745 506 statumimernaiinanaesae
755 460 818 505 suot
828 449 925 519 priori·
977 462 1114 516 cartones3
1134 466 1222 518 neque
1235 452 1410 507 sardicenses
1425 451 1451 505 io
1467 453 1513 506 iilo
1526 454 1615 506 iocum
1630 449 1766 514 habuisses,

131 522 365 593 ascendissetis
376 520 923 591 utaliquandotandemadserapcnarium
977 520 1029 574 nisi
1043 521 1104 590 qnia
1116 535 1165 589 pro
1175 524 1291 576 liicuois
1304 521 1385 576 itabiti
1400 532 1473 588 stunt,
1494 536 1642 591 edlitnrqtte
1661 520 1769 574 rrornirre

130 608 275 651 emmeram
289 592 377 647 codex
393 593 557 661 peruenerit.
575 591 635 658 Quo
648 605 714 646 vero
731 605 844 660 quaque
863 604 924 660 para
976 591 1080 658 vestiti,
1091 608 1123 647 ac
1133 593 1173 646 cis
1187 596 1245 647 sine
1256 594 1281 646 ui
1294 606 1309 645 a
1322 593 1494 647 tlistinctinue
1504 588 1768 657 subjuncticlarnm

129 677 257 733 tempore
274 665 317 718 rel
337 663 456 718 codicem
476 661 662 727 condacensi
686 661 771 716 codici
794 665 925 717 accedere
977 662 1163 719 estendere
1186 662 1333 719 innnocentii
1356 664 1439 730 ipsius
1462 664 1668 726 testimonium,
1690 661 1768 732 culus

128 735 263 806 eruperit,
278 732 392 789 obscura
414 747 458 787 res
479 741 535 795 est.
551 748 630 798 qnam
651 743 787 802 utcunque
807 734 923 803 aperire,
976 730 1058 786 rerba
1073 742 1100 788 et
1118 737 1272 789 asserendae
1295 733 1394 788 codicis
1410 734 1488 803 hrijus
1510 732 1655 788 sinceritati
1670 737 1769 786 sudmi-

128 808 186 863 ntsi
200 805 371 875 coniecturis.
383 818 463 861 nemo
477 802 580 873 possit:
595 802 666 872 qnod
678 814 706 858 et
727 818 776 858 nos
789 803 925 873 periclita·
976 814 1084 870 gantur,
1104 813 1132 859 et
1151 806 1267 860 uicissim
1283 819 1297 855 a
1313 804 1406 858 codice
1428 807 1513 860 iucem
1534 805 1676 858 ritssirnam
1698 802 1769 858 reci·

128 875 354 934 ltinnurinlerios.
976 873 1064 940 piunt.
1082 873 1140 929 rias
1161 877 1239 939 enim,
1262 875 1347 944 iuquit
1368 875 1539 929 innocentius
1560 874 1586 928 io
1607 874 1718 943 epistola
1733 872 1768 926 ad

169 947 285 1002 indicem
296 946 341 1015 qni
353 943 401 998 toti
416 943 490 1009 operi
506 941 662 1012 praesultor,
678 942 772 999 eodem
784 941 822 1026 (al
836 950 926 1012 poste-
976 942 1079 999 clerum
1094 946 1275 1015 populumque
1293 945 1629 1014 consutitinupnlitanum
1645 956 1769 1013 qaanmor

127 1018 235 1074 riorem
247 1030 308 1072 esse
321 1016 422 1069 clarum
437 1023 480 1069 est
494 1029 526 1065 es
541 1013 679 1069 mentione
699 1023 839 1079 sexaginta
853 1017 927 1082 capi·
977 1014 1012 1066 aa
1024 1028 1154 1068 canonem
1173 1016 1358 1070 observantiam
1382 1017 1482 1078 attinet,
1504 1016 1558 1068 illis
1582 1016 1770 1076 obsequendum

128 1089 262 1151 autorum,
277 1102 309 1138 nc
324 1085 435 1153 proinde
449 1083 594 1153 quidquem
614 1084 697 1139 statui
714 1099 747 1139 ex
761 1099 794 1138 co
808 1098 861 1138 non
876 1100 926 1153 po·
969 1099 1031 1137 esse
1042 1085 1177 1140 scribimus
1186 1088 1230 1156 qui
1241 1086 1337 1141 Nicoeoe
1349 1087 1509 1139 determinati
1521 1096 1589 1150 sant,
1601 1086 1692 1153 syrtibus
1701 1087 1768 1138 sniis

128 1166 189 1214 test
202 1173 251 1228 pro
266 1171 356 1212 sarim
368 1154 493 1225 ‚partium
507 1155 604 1209 notitia
625 1168 685 1225 quaa
699 1154 820 1211 codicem
840 1156 926 1226 primo
977 1155 1159 1223 obtemperare,
1182 1167 1205 1208 et
1218 1172 1293 1210 seam
1311 1158 1462 1227 euprepium
1484 1157 1579 1209 addere
1597 1156 1711 1210 scelesta
1725 1172 1769 1207 aa·

127 1232 345 1296 eornpttsuerint.
977 1222 1072 1280 idolica
1086 1229 1157 1280 debet
1171 1225 1233 1298 (Ep.
1247 1226 1291 1291 15,
1304 1242 1337 1280 es
1350 1226 1454 1280 sozom.
1469 1228 1489 1280 l.
1500 1241 1557 1290 ιιιι,
1577 1244 1600 1280 r.
1615 1226 1660 1291 26,
1677 1237 1739 1279 tom.
1753 1223 1769 1279 Ἰ

173 1300 209 1354 [ic
221 1298 333 1367 prologo
346 1293 415 1351 idem
429 1308 483 1349 non
494 1302 536 1350 est
547 1294 619 1365 apim
633 1309 676 1349 me
689 1294 838 1364 judicium:
860 1296 926 1352 nihii
978 1292 1062 1361 Epist.
1078 1313 1144 1351 aum.
1158 1306 1231 1365 pont.
1248 1295 1550 1363 salamantinensem
1567 1302 1592 1350 in
1607 1300 1719 1365 epistola
1736 1296 1770 1349 16

128 1371 234 1441 quippe
261 1368 287 1437 bl
299 1367 444 1433 retatqnio
458 1366 528 1419 circa
542 1365 628 1433 quinti
642 1367 732 1419 seculi
749 1368 852 1421 initium
867 1368 925 1422 edi·
976 1368 1011 1418 ad
1027 1365 1205 1433 Theophilum
1222 1367 1452 1422 Alexandrinum:
1469 1369 1499 1421 Si
1513 1369 1676 1422 canscientia:
1688 1366 1770 1433 coati-

129 1449 179 1495 tus
197 1454 227 1494 cr
263 1448 332 1499 atur,
354 1436 534 1504 pretiumque
555 1437 579 1489 ei
601 1435 687 1491 codici
707 1437 752 1507 qni
777 1436 924 1492 innocentii
970 1435 1028 1499 dis,
1041 1448 1068 1491 tn
1081 1437 1291 1509 quoquejadieio
1307 1452 1413 1490 accurre
1427 1439 1460 1496 ed
1475 1439 1600 1508 synodalia
1615 1441 1730 1505 yrroaime
1743 1437 1771 1490 in

119 1525 212 1579 papae
227 1507 236 1562 i
250 1508 416 1574 ternporihus
427 1507 453 1559 io
469 1506 664 1574 naucratrpud
677 1506 823 1561 Rmnonam
835 1507 928 1563 Ecclc-
977 1505 1079 1561 Christo
1091 1508 1279 1571 celebrandam,
1294 1516 1319 1561 rt
1333 1508 1388 1561 illic
1414 1516 1479 1562 usto
1497 1507 1600 1561 d'r'rteni
1612 1508 1714 1560 concilii
1729 1523 1769 1559 ra-

122 1581 203 1635 ·siam
221 1595 229 1631 a
245 1579 313 1633 iiber
334 1580 405 1630 enim
430 1575 551 1631 decimus
580 1575 703 1630 ilistoriae
731 1578 926 1634 ecclesiastice
977 1577 1358 1632 uanesetdecretacantmds.
1373 1528 1445 1632 Adios
1482 1575 1773 1649 nippeoe5rannnss

130 1650 246 1705 Eusebii
261 1663 276 1701 a
291 1645 388 1701 liuline
398 1647 529 1714 adjectos.
545 1647 591 1710 qui
605 1646 727 1700 latrdaiur
738 1648 765 1701 io
780 1662 811 1703 ea
832 1650 926 1713 ynrmlo·
941 1673 966 1736 Β
981 1647 1098 1702 donnana
1120 1664 1171 1701 nun
1192 1648 1303 1702 admittit
1325 1647 1449 1702 Ecclesia.
1465 1594 1523 1712 dlis,
1548 1649 1665 1715 iriquauu,
1684 1647 1773 1701 scrinis

122 1721 221 1785 ‘tione
233 1718 424 1787 pluribusaute
438 1716 586 1771 iunocentii
598 1717 700 1771 obitum
711 1717 789 1773 annis
800 1719 827 1773 io
838 1718 926 1774 locem
980 1719 1073 1788 opinio
1094 1727 1186 1772 nostra
1203 1720 1389 1783 reinsumatur,
1405 1733 1456 1843 rpus
1475 1722 1621 1772 asserimus
1637 1735 1689 1773 nem
1705 1720 1771 1771 atio,

131 1793 237 1846 missus
258 1797 327 1844 erat.
342 1788 370 1842 Si
387 1787 432 1843 cui
449 1786 622 1842 nihilominus
643 1788 773 1856 placuerit
788 1789 927 1858 prologum
980 1802 1126 1843 canonesa
1141 1788 1259 1843 Rornana
1276 1788 1397 1843 Ecclesia
1430 1788 1563 1843 innocentii
1584 1797 1663 1843 state
1680 1804 1772 1845 sussce-

121 1862 221 1916 istum
231 1858 264 1915 ad
279 1859 425 1929 posteriora
440 1866 560 1925 tempure
572 1857 691 1922 differre,
704 1871 797 1913 contra
811 1875 860 1930 eqo
875 1875 928 1915 uon
980 1869 1052 1983 ftm’
1068 1873 1170 1928 suoque
1191 1857 1317 1914 imbuisse
1336 1858 1451 1913 itrscrtus
1465 1859 1561 1918 codici,
1574 1874 1654 1928 quam
1668 1862 1713 1927 qui
1731 1860 1773 1919 rel

120 1933 306 1988 contendam.
323 1926 380 1984 lloc
399 1936 487 1982 mmcd
502 1934 604 1981 certum
619 1928 725 1982 ridetur
738 1942 821 1997 pauca
833 1931 928 1986 admo·
1006 1930 1082 1984 icaeni
1099 1944 1194 1985 resera
1213 1938 1301 1993 erasit,
1321 1931 1363 1984 vel
1383 1944 1432 1997 pro
1454 1929 1571 1984 dissenis
1595 1929 1771 1993 innitebantur,

121 2003 200 2057 ulum
222 2000 336 2068 capitula
361 1999 531 2069 complexum
553 2011 613 2053 esse
625 1998 744 2053 codicem
760 2002 851 2068 istum,
867 2016 928 2055 curn
981 2001 1074 2070 cisque
1097 2001 1309 2056 accensebantur
1331 2016 1345 2052 a
1369 1999 1507 2066 Romanis,
1531 2014 1565 2053 co
1586 2000 1665 2052 modo
1678 2015 1732 2070 quo
1746 2002 1772 2054 in

121 2073 159 2128 ·ei
176 2071 296 2142 prelatio
306 2083 411 2123 annena
421 2078 463 2124 est
477 2083 485 2122 ι
497 2077 552 2124 tum
562 2070 623 2136 quia
637 2076 690 2122 tota
702 2069 758 2125 lere
769 2078 812 2127 est
825 2072 859 2125 de
869 2072 929 2126 solo
981 2079 1074 2125 nostro
1088 2071 1181 2125 codice
1196 2077 1433 2138 representantur.
1455 2068 1508 2124 Sed
1524 2084 1556 2125 ex
1575 2069 1671 2124 eodem
1691 2071 1773 2125 sicis-

121 2140 246 2198 ·Nicmno
268 2138 400 2205 concilio,
427 2147 482 2193 tum
506 2141 577 2207 qtiiitl
601 2140 695 2194 mem
719 2141 820 2196 indicet
843 2156 928 2212 panca
982 2143 1033 2195 sim
1049 2142 1142 2196 codice
1161 2141 1320 2196 conciliatur
1340 2140 1511 2195 innocentius
1524 2154 1585 2196 cum
1604 2139 1772 2201 innocentio,

123 2214 260 2283 quedam
274 2219 377 2264 tantum
398 2213 508 2264 decreta
538 2209 652 2264 Nicaeis
663 2225 724 2266 esse
745 2213 928 2280 superaddita,
979 2213 1026 2281 qui
1041 2212 1176 2267 multoties
1191 2210 1365 2267 sardicenses
1380 2211 1653 2266 canauasaoducitet
1664 2218 1774 2281 usurpat

131 2287 197 2338 rice
211 2281 378 2352 appendicis,
395 2294 444 2335 nec
464 2281 499 2333 ita
511 2281 587 2349 quasi
611 2281 718 2350 proprie
735 2283 899 2363 synodorum
912 2296 929 2338 a
982 2280 1009 2335 in
1025 2283 1146 2353 epistolis
1161 2284 1218 2337 suis
1233 2301 1241 2337 ι
1257 2290 1286 2335 ut
1300 2282 1326 2335 in
1339 2281 1453 2346 epistula
1474 2279 1507 2335 ad
1522 2281 1678 2336 victricium
1692 2297 1774 2336 canu·

124 2356 237 2422 quibus
248 2351 358 2407 condita
371 2359 448 2408 erant
458 2352 618 2406 auctoritate
632 2352 719 2407 iocum
734 2353 783 2408 sibi
797 2354 824 2409 io
837 2354 930 2409 codice
983 2364 1032 2407 nes
1044 2355 1071 2416 3.
1083 2352 1100 2407 i
1112 2353 1166 2407 cti
1189 2353 1224 2407 do
1244 2352 1468 2421 appellationibus
1490 2349 1523 2405 ati
1546 2351 1695 2407 Romanum
1717 2352 1774 2422 cpi·

133 2426 263 2479 liomano
274 2421 452 2487 vindicarent,
468 2419 516 2476 scri
529 2421 600 2476 reim
615 2420 649 2475 ab
663 2422 809 2491 apostolica
824 2425 888 2479 sede
903 2427 929 2479 in
983 2432 1136 2493 scopnmet
1149 2425 1226 2492 epist.
1241 2423 1274 2478 16
1295 2424 1329 2478 dc
1351 2422 1458 2478 clericis
1477 2421 1589 2490 abiectis
1607 2424 1641 2478 ab
1656 2423 1710 2477 aliu
1722 2440 1774 2479 non

132 2496 278 2566 proprium
297 2506 375 2547 usum
398 2499 546 2559 cassiopea,
568 2499 597 2545 et
611 2491 737 2547 iiccicsiue
748 2507 804 2547 snas
818 2494 931 2549 adrnini·
983 2494 1119 2561 recipienti
1131 2509 1155 2560 s,
1165 2502 1199 2547 -et
1214 2494 1248 2547 de
1262 2492 1364 2564 synodo
1377 2492 1502 2571 adquam
1515 2492 1694 2559 Theophilum
1708 2495 1773 2549 irrui·

126 2564 259 2622 -strsnoni
272 2563 431 2633 protutura:
449 2560 518 2616 dan
537 2560 655 2635 11ωή
670 2562 813 2630 namatius,
830 2566 927 2636 inquit.
976 2570 1033 2629 tat,
1048 2573 1075 2617 ct
1089 2565 1149 2618 aliis
1164 2565 1190 2618 in
1206 2563 1282 2629 locis,
1297 2578 1410 2632 quorum
1436 2562 1558 2620 meminit
1581 2562 1698 2621 loannes
1724 2566 1773 2620 lia·

123 2636 174 2708 ’(ο)
189 2636 287 2707 sepulte
305 2635 425 2689 roborate
444 2641 521 2698 sent,
544 2646 609 2703 quae
633 2642 773 2688 mammam
790 2638 931 2706 surripiens
982 2633 1337 2689 sidllecedamrioidrm
1353 2634 1506 2689 [laeidcum
1521 2634 1645 2689 ilarcsln
1661 2635 1774 2703 qratiam

121 2704 299 2774 ‘eanfirroasit
321 2703 448 2758 sectata.
478 2702 582 2769 Quibus
602 2703 694 2759 teritis
711 2703 931 2774 Carthaginensi
984 2705 1115 2772 redtt;ct
1129 2714 1231 2760 asserta
1254 2705 1393 2773 utriusque
1405 2705 1543 2774 opinione,
1560 2705 1628 2760 alter
1643 2708 1677 2760 ab
1691 2706 1775 2762 staro

126 2778 257 2831 manime
271 2775 366 2846 synodi
381 2787 509 2838 canones,
524 2774 568 2840 qni
582 2772 697 2828 iilcaanis
712 2773 931 2832 sardicensibus·
983 2774 1070 2830 rictus
1083 2775 1117 2831 dc
1130 2776 1216 2831 altero
1229 2775 1309 2831 simul
1323 2776 1409 2829 uictor
1429 2776 1519 2830 eradit
1532 2792 1540 2827 ι
1553 2790 1613 2830 cum
1633 2785 1776 2847 utrumque

124 2860 190 2972 flue
211 2848 239 2900 in
254 2861 336 2900 utrum
352 2843 476 2898 ‘consinsit
492 2843 682 2912 subjiciuntur,
698 2844 809 2917 intelllgi
822 2860 932 2916 persna-
975 2846 1156 2902 ‘verissimum
1177 2849 1223 2913 sit,
1247 2854 1275 2901 et
1297 2845 1369 2909 solos
1382 2845 1504 2902 Nicanos
1519 2860 1636 2901 canones
1651 2845 1685 2901 ab
1698 2848 1776 2904 irino·

125 2930 129 2953 2
155 2924 204 2971 ent
218 2919 299 2971 rerba
311 2915 418 2984 capituli
430 2914 464 2969 de
477 2915 665 2983 qratiseornm
681 2915 758 2984 primi
770 2930 830 2986 qua
844 2916 932 2973 Cssle·
984 2915 1075 2971 centio
1086 2926 1209 2986 receptos
1224 2930 1294 2978 csse.
1303 2924 1330 2972 et
1343 2924 1432 2971 tameo
1447 2914 1620 2972 sardicenses
1635 2916 1669 2972 ab
1681 2918 1777 2973 eadem

134 2988 212 3042 atino
237 2984 318 3050 oiim'‚
342 2999 415 3040 nunc
440 2983 522 3039 Leoni
554 2983 734 3039 ascribuntur.
761 2984 827 3054 Quae
850 2988 931 3044 verba
978 2987 1119 3043 ’admissos
1133 2989 1194 3042 etin
1206 2988 1294 3042 causis
1305 2986 1495 3042 ecclesiasticis
1508 2985 1684 3043 discutiendis
1699 3003 1778 3043 usur·

125 3058 250 3115 ieosdcm
262 3057 325 3114 ilios
336 3053 557 3124 carthaginensis
576 3054 703 3112 sceleste
723 3062 842 3114 canones
858 3045 969 3124 tiroeC
985 3066 1064 3129 patos
1077 3075 1084 3113 ι
1099 3058 1231 3129 siquidem
1245 3056 1421 3115 Sardiccnscs
1435 3057 1582 3126 recipiebat
1596 3057 1777 3129 innocentius,

135 3139 166 3185 ut
180 3129 247 3185 oiim
267 3138 341 3192 ante,
364 3126 451 3183 codici
466 3126 588 3182 Romano
608 3128 723 3182 insertos
734 3127 817 3184 inisse
832 3138 935 3188 testan·
986 3130 1034 3185 sed
1057 3129 1163 3187 habitos
1189 3145 1238 3202 pro
1263 3127 1379 3185 liicaeuis
1393 3137 1421 3184 ct
1448 3143 1542 3185 eorum
1567 3130 1676 3187 nemisse
1698 3130 1778 3188 deco·

135 3208 194 3267 tur,
208 3199 250 3255 sic
264 3199 299 3254 de
314 3197 508 3272 posterioribus
523 3195 647 3254 habentia
659 3212 667 3251 ι
677 3195 721 3252 lta
735 3207 763 3252 nt
775 3199 852 3254 etiam
864 3193 934 3270 Airi-
986 3212 1070 3256 ratos.

126 3281 265 3325 'canoram
280 3268 448 3324 conciliarum
461 3266 586 3339 quasdam
601 3268 740 3321 aenttmios
753 3271 931 3350 premeremus,
1024 3271 1086 3327 llaec
1102 3268 1160 3331 huit.
1184 3271 1291 3339 opinor,
1314 3269 1417 3325 codicis
1430 3268 1545 3325 Romani
1568 3279 1633 3327 actas
1648 3272 1733 3341 prima
1748 3287 1779 3328 sc

153 3357 204 3395 aaa
226 3341 314 3409 atique
332 3353 392 3393 tuot
415 3342 531 3409 permutat
552 3336 687 3407 apostolici
708 3342 845 3411 atristides,
870 3341 934 3397 dnm
986 3341 1059 3397 relat
1074 3340 1195 3406 iniamia,
1212 3341 1239 3394 ln
1254 3347 1305 3407 qna
1321 3340 1436 3409 primurn
1451 3340 1619 3396 solummodo
1633 3339 1780 3412 capitulum

135 3412 198 3466 sitas
214 3409 414 3479 commolerent
429 3406 505 3480 (cap.
520 3409 545 3471 1,
559 3405 697 3478 siedron).
986 3411 1087 3466 codicis
1102 3424 1181 3480 quem
1203 3410 1313 3476 damus,
1335 3416 1419 3463 totum
1439 3409 1572 3465 conliabat
1596 3410 1669 3468 iliius
1693 3414 1780 3469 atatis

174 3480 268 3536 Facile
279 3480 395 3551 igiturin
405 3493 465 3534 eam
476 3478 635 3534 sententiam
651 3478 750 3535 inclino
762 3496 769 3533 :
781 3478 931 3538 Romanum
986 3480 1105 3537 codicem
1118 3479 1167 3535 sub
1182 3477 1339 3534 innocentio
1352 3480 1481 3549 pontiiice
1499 3480 1621 3534 itomano
1636 3496 1644 3536 :
1660 3496 1693 3538 eo
1704 3484 1780 3552 scili·

124 3549 423 3608 eodimraaiticana
446 3550 667 3619 sardicensisque
687 3550 850 3620 synodorum
866 3566 933 3608 tem·
986 3564 1031 3609 cet
1046 3562 1099 3607 tem
1138 3563 1168 3605 re
1182 3563 1234 3620 qno
1248 3546 1435 3619 chrysostomi
1449 3563 1530 3604 causa
1545 3551 1733 3608 ventilabatur.
1747 3559 1781 3610 ot

135 3622 253 3696 potibus
276 3619 311 3676 sd
332 3633 418 3692 usque
445 3618 594 3676 innocentii
626 3619 779 3691 zosimique
803 3631 931 3692 etatem,
987 3623 1077 3680 suba
1115 3635 1157 3676 em
1184 3616 1342 3676 innocentio
1366 3618 1403 3692 le)
1427 3618 1598 3692 postmodum
1629 3621 1781 3681 adolevisse

677 3735 957 3797 entientstoitiiti
975 3734 1252 3798 ednothttottes.

124 3836 311 3892 'tationenon
325 3828 456 3904 egentsi
469 3827 540 3885 enim
563 3827 634 3884 hunc
654 3829 776 3885 codicem
792 3830 825 3886 all
840 3831 937 3887 liema-
987 3832 1099 3889 tentiam
1120 3829 1275 3886 relellemus
1296 3841 1349 3899 qua
1372 3827 1509 3886 Gelasium
1534 3844 1567 3886 er
1593 3830 1645 3889 boc
1668 3837 1781 3910 proloqu

129 3915 203 3962 'mm
217 3903 364 3959 &emim
379 3917 432 3962 ¹¹⁰⁰
446 3901 609 3971 pertinuisse
621 3899 758 3955 euidenter
769 3901 936 3957 demonstra·
987 3902 1164 3970 exscripsisse
1177 3899 1328 3956 contendit.
1343 3897 1412 3954 rium
1427 3914 1492 3954 nero
1508 3899 1551 3955 bic
1570 3904 1697 3974 prologus
1707 3924 1781 3964 eom.

137 3977 244 4041 ΝΜ,
259 3974 297 4029 uti
315 3973 522 4028 demonstraturi
541 3983 635 4023 sannaus
656 3972 681 4023 in
703 3973 935 4028 observationibus
987 3974 1088 4029 vuissit
1105 3983 1205 4028 nostres
1217 3970 1381 4034 collectioni,
1393 3984 1427 4023 an
1440 3969 1528 4026 eidem
1578 3974 1677 4029 stetim
1689 3991 1782 4035 accce-

137 4059 202 4118 post
226 4046 297 4100 hane
319 4043 533 4103 dissertationem
556 4040 750 4108 snirpctendie3
774 4042 817 4098 hae
839 4057 935 4098 ornnes
986 4045 1054 4100 serit
1069 4044 1107 4115 (in
1123 4057 1175 4098 ms.
1190 4039 1389 4098 vindebonensi
1400 4037 1525 4098 Cesarea
1552 4041 1636 4098 soon
1650 4045 1780 4121 legitur);

135 4126 282 4171 mmm
302 4128 356 4168 ¹¹⁰⁰
375 4120 523 4168 'nemrim
542 4111 697 4179 praeittdicio
713 4112 851 4184 condole,
871 4129 933 4170 cum
987 4126 1014 4172 et
1030 4130 1092 4169 num
1118 4112 1244 4183 prelixus
1265 4109 1347 4166 luerit
1367 4109 1420 4165 soli
1436 4112 1521 4180 primo
1544 4113 1624 4183 capiti
1644 4114 1779 4176 llicanam

130 4186 240 4243 eodem
262 4192 401 4239 corruent.
419 4181 519 4238 Conlcr
540 4190 670 4251 praterea
693 4195 753 4251 que
772 4187 843 4240 circa
866 4183 935 4240 hauc
987 4186 1121 4258 synodum
1143 4182 1331 4250 complectenti
1346 4180 1392 4252 (de
1408 4179 1458 4236 hac
1472 4183 1544 4239 enim
1559 4184 1662 4254 synodo
1677 4197 1780 4246 tantum

138 4265 254 4312 etatum
273 4253 442 4327 hypothesim
458 4252 702 4307 animadvertemus
721 4253 748 4307 in
769 4254 937 4310 observatio·
987 4256 1014 4311 ln
1026 4256 1120 4312 endem
1136 4253 1249 4325 prologo
1261 4265 1351 4307 sermo
1364 4249 1428 4332 cst),
1441 4265 1475 4305 an
1499 4254 1532 4309 ad
1553 4254 1704 4313 universam
1720 4262 1780 4315 col·

81 4385 84 4388 -
130 4331 224 4383 'nstin‘
243 4324 471 4398 &idm-⁴⁰¹
489 4324 584 4390 52⁰0ss
605 4337 658 4377 ¹¹⁰ss
678 4323 934 4392 ⁰²1²·2.o.8,uiti
988 4327 1131 4382 lectionem
1143 4325 1287 4393 pertineat,
1302 4320 1431 4394 quidquid
1446 4322 1582 4395 credatur,
1602 4326 1715 4386 nihilum
1735 4345 1781 4388 re.

131 4397 282 4453 nonnulla
302 4395 451 4466 peculiares
471 4392 681 4462 incongruentiae
700 4394 869 4464 detegentur.
892 4395 937 4451 ln·
980 4397 1174 4470 pugnabimus.

138 4470 248 4593 siyneqnp
258 4465 339 4550 etiam
348 4463 732 4590 meneliicontrsdictionem
744 4466 935 4535 panciani-emus
979 4475 1007 4592 'h
1024 4465 1061 4540 (r)
1079 4466 1153 4591 solae¹
1169 4460 1485 4590 ffimffipngqpffiqfldff
1509 4464 1781 4593 symtbolabsubnesla

130 4541 218 4683 mdc)
243 4550 413 4664 ὒιιιῖιιωιιιιὲι
437 4603 614 4673 capitularum
643 4604 720 4668 operi
743 4605 873 4689 prensus
898 4623 933 4664 es
951 4546 1141 4698 anbcupecsatp
1155 4551 1186 4676 2,
1201 4548 1272 4670 sedne,
1289 4548 1404 4673 nidoque
1419 4547 1782 4682 Gesnejffcutgdgngsssdxffi

129 4679 277 4738 Thaenae
291 4675 384 4734 codice
397 4675 520 4756 designet
532 4674 648 4742 capitula
659 4674 694 4738 ss
705 4677 784 4746 huyne
798 4678 936 4734 collectio.
988 4677 1163 4747 qpquneyqo
1176 4674 1360 4748 proferuntur,
1371 4673 1465 4733 qums
1477 4689 1537 4733 em
1551 4679 1664 4751 quisque
1675 4683 1781 4755 perspi·

137 4753 198 4817 nis,
234 4761 275 4803 ue
289 4760 419 4803 mnenon
436 4756 489 4800 tam
508 4760 535 4800 m
553 4745 683 4802 Thuscae
696 4757 775 4817 quam
790 4747 818 4802 ln
831 4750 936 4805 cararia
988 4750 1052 4807 cist.

129 4821 222 4878 'ltxon
235 4819 293 4875 ensi
308 4815 503 4887 antiquioribus
516 4829 548 4871 ac
567 4817 797 4886 praestantioribus
814 4818 934 4874 e‘usticni
1024 4819 1065 4893 (d)
1084 4818 1178 4876 Nullos
1196 4816 1303 4891 quidem
1318 4816 1386 4873 aiios
1408 4829 1526 4873 canones
1544 4826 1644 4888 practer
1656 4819 1781 4895 illesum

132 4888 312 4948 'mulssim
329 4886 528 4957 ⁴³¹‘²¹¹¹l)¹¹ribus
548 4886 736 4951 filleniffliluri
763 4901 805 4942 int
837 4888 934 4945 fesium
980 4897 1017 4947 ‘et
1034 4888 1209 4947 sardicenses
1225 4890 1371 4943 itomanam
1393 4887 1541 4943 Ecclesiam
1557 4889 1621 4945 olim
1644 4894 1780 4961 recepisse

136 4961 175 5019 fit
193 4958 321 5018 eumdem
342 4957 458 5013 indicem
477 4958 630 5026 primevam
656 4956 841 5018 collectionem
864 4958 936 5015 indi·
982 4973 1043 5017 'non
1067 4965 1154 5017 solum
1176 4973 1261 5032 usqne
1277 4958 1310 5013 ati
1330 4957 1477 5013 innocentii
1499 4967 1527 5014 et
1545 4957 1645 5017 Zosimi
1659 4970 1777 5026 atatem.

133 5046 220 5113 0²¹&
234 5027 378 5110 sumque
392 5028 853 5108 fflssesswllffliboiierioriatttcm
867 5039 931 5114 tem·
984 5032 1037 5088 'sed
1051 5031 1152 5087 diutius
1174 5035 1254 5087 etiarn
1273 5035 1388 5109 ‚postem
1412 5027 1584 5112 probavimus
1603 5030 1629 5084 in
1650 5029 1778 5089 Tractus

134 5101 389 5240 destitit?
404 5097 936 5242 ssd'sinmetriis
986 5096 1780 5241 utnus-castmccmtcssnnc

135 5242 215 5299 Vide
237 5251 298 5309 quae
320 5239 355 5296 de
376 5243 427 5295 hic
453 5238 631 5316 annotatione
651 5237 771 5295 diximus
793 5248 851 5298 not.
875 5240 888 5295 1
908 5241 936 5298 ih
985 5249 1043 5305 tur.
1058 5249 1088 5297 ut
1102 5235 1554 5296 ostcsdcmoeiuobseiratiooibus
1567 5251 1628 5309 cap.
1646 5241 1659 5295 1
1674 5241 1778 5298 rioms

134 5311 276 5454 etp&
297 5379 341 5435 ¹¹³⁰
362 5377 489 5450 sibim!
508 5378 579 5436 citet
605 5378 690 5449 quinti
715 5379 806 5435 seculi
830 5361 935 5454 loitidnl
985 5312 1060 5454 ‘flii'
1074 5379 1112 5435 be
1126 5377 1219 5434 hacet
1236 5377 1270 5435 de
1289 5376 1462 5447 sequentibus
1482 5375 1581 5433 codicis
1601 5378 1715 5438 nonant
1730 5395 1777 5440 ac·

136 5455 200 5514 scri
221 5462 264 5508 tus
275 5451 417 5521 editisque
427 5450 561 5519 credatur,
572 5448 636 5504 iilud
647 5452 765 5506 maxime
776 5452 936 5520 vetut,quorl
987 5449 1156 5509 cessionibus
1180 5462 1228 5504 seu
1252 5444 1386 5512 satiem,
1453 5445 1648 5516 sQuesneilns
1664 5454 1778 5508 commi.

138 5537 180 5584 ex
236 5522 294 5578 iasii
309 5520 467 5577 decretatis
491 5519 565 5575 tibris
588 5522 749 5590 apocryphis
763 5523 890 5576 pannutia
909 5526 935 5577 in
987 5522 1111 5588 niseitur,
1125 5518 1192 5577 satis
1205 5519 1322 5575 diximus
1334 5526 1391 5573 not.
1424 5516 1582 5583 maedan
1604 5520 1778 5582 nibilominus

133 5593 345 5652 semireducta
366 5593 546 5646 inveniantur.
567 5589 668 5645 contar
686 5590 887 5647 ubsemationes
907 5592 935 5648 in
987 5591 1134 5665 peculiaria
1147 5589 1174 5649 in
1186 5591 1257 5650 uotis
1270 5588 1442 5662 sequentihus
1454 5587 1656 5646 oliserrehlmus

136 5660 447 5735 hamdisprrtatioaetn
459 5675 519 5717 cao.
531 5661 559 5728 1,
575 5659 707 5730 n..'›,abi
720 5660 857 5732 ansoeiti
872 5675 938 5730 seua
999 5677 1005 5686 ·
1167 5683 1170 5691 ι
1376 5676 1379 5682 ·
1512 5687 1515 5692 ,
1637 5666 1664 5686 -·

288 5757 430 5823 Pinnas.
450 5753 517 5821 etii
572 5773 626 5813 “aa
668 5775 693 5850 ὲ,
892 5829 897 5836 ¹
1192 5737 1222 5754 ‘'
1453 5729 1459 5756 ⁸
1573 5730 1618 5816 ’ὓ

1717 5775 1816 5852 u.)
