<?xml version="1.0" encoding="UTF-8"?>
<!DOCTYPE html PUBLIC "-//W3C//DTD XHTML 1.0 Transitional//EN"
    "http://www.w3.org/TR/xhtml1/DTD/xhtml1-transitional.dtd">
<html xmlns="http://www.w3.org/1999/xhtml" xml:lang="en" lang="en">
 <head>
  <title>
</title>
<meta http-equiv="Content-Type" content="text/html;charset=utf-8" />
  <meta name='ocr-system' content='tesseract 3.04.00' />
  <meta name='ocr-capabilities' content='ocr_page ocr_carea ocr_par ocr_line ocrx_word'/>
</head>
<body>
  <div class='ocr_page' id='page_1' title='image "./patrologiaecurs181unkngoog/patrologiaecurs181unkngoog_0011.png"; bbox 0 0 4000 6175; ppageno 0'>
   <div class='ocr_carea' id='block_1_1' title="bbox 66 5900 241 6108">
    <p class='ocr_par' dir='ltr' id='par_1_1' title="bbox 66 5900 241 6108">
     <span class='ocr_line' id='line_1_1' title="bbox 66 5900 241 6108; baseline 0 0"><span class='ocrx_word' id='word_1_1' title='bbox 66 5900 241 6108; x_wconf 49' lang='grc' dir='ltr'>ὧν</span> 
     </span>
    </p>
   </div>
   <div class='ocr_carea' id='block_1_2' title="bbox 159 315 1784 388">
    <p class='ocr_par' dir='ltr' id='par_1_2' title="bbox 159 315 1784 388">
     <span class='ocr_line' id='line_1_2' title="bbox 159 315 1784 388; baseline -0.011 0"><span class='ocrx_word' id='word_1_2' title='bbox 159 315 1784 388; x_wconf 52' lang='grc' dir='ltr'><em>Ν</em></span> 
     </span>
    </p>
   </div>
   <div class='ocr_carea' id='block_1_3' title="bbox 767 498 1178 632">
    <p class='ocr_par' dir='ltr' id='par_1_3' title="bbox 767 498 1178 632">
     <span class='ocr_line' id='line_1_3' title="bbox 767 498 1178 632; baseline -0.012 -5"><span class='ocrx_word' id='word_1_3' title='bbox 767 498 1178 632; x_wconf 85' lang='lat' dir='ltr'><strong>LECTORI.</strong></span> 
     </span>
    </p>
   </div>
   <div class='ocr_carea' id='block_1_4' title="bbox 144 830 1856 2849">
    <p class='ocr_par' dir='ltr' id='par_1_4' title="bbox 144 830 1802 2376">
     <span class='ocr_line' id='line_1_4' title="bbox 144 830 1795 911; baseline -0.005 -10"><span class='ocrx_word' id='word_1_4' title='bbox 144 861 147 866; x_wconf 85' lang='lat'><strong>·</strong></span> <span class='ocrx_word' id='word_1_5' title='bbox 191 841 246 901; x_wconf 77' lang='lat' dir='ltr'>cor</span> <span class='ocrx_word' id='word_1_6' title='bbox 257 841 372 901; x_wconf 88' lang='lat' dir='ltr'>editioni</span> <span class='ocrx_word' id='word_1_7' title='bbox 387 830 505 911; x_wconf 84' lang='lat' dir='ltr'>Operum</span> <span class='ocrx_word' id='word_1_8' title='bbox 516 839 545 895; x_wconf 89' lang='lat' dir='ltr'>S.</span> <span class='ocrx_word' id='word_1_9' title='bbox 560 838 657 896; x_wconf 84' lang='lat' dir='ltr'>Leonis</span> <span class='ocrx_word' id='word_1_10' title='bbox 666 851 741 909; x_wconf 85' lang='lat' dir='ltr'>pepe</span> <span class='ocrx_word' id='word_1_11' title='bbox 751 835 908 907; x_wconf 88' lang='lat' dir='ltr'>appendicis</span> <span class='ocrx_word' id='word_1_12' title='bbox 920 834 1030 893; x_wconf 89' lang='lat' dir='ltr'>nomine</span> <span class='ocrx_word' id='word_1_13' title='bbox 1045 835 1203 908; x_wconf 84' lang='lat' dir='ltr'>adjiciamus</span> <span class='ocrx_word' id='word_1_14' title='bbox 1217 836 1289 894; x_wconf 84' lang='lat' dir='ltr'>butte</span> <span class='ocrx_word' id='word_1_15' title='bbox 1299 846 1419 903; x_wconf 77' lang='lat' dir='ltr'>ternum,</span> <span class='ocrx_word' id='word_1_16' title='bbox 1432 837 1476 908; x_wconf 91' lang='lat' dir='ltr'>qui</span> <span class='ocrx_word' id='word_1_17' title='bbox 1494 844 1667 908; x_wconf 73' lang='lat' dir='ltr'>prestantem</span> <span class='ocrx_word' id='word_1_18' title='bbox 1681 843 1709 891; x_wconf 88' lang='lat' dir='ltr'>et</span> <span class='ocrx_word' id='word_1_19' title='bbox 1721 836 1795 892; x_wconf 89' lang='lat' dir='ltr'>snti-</span> 
     </span>
     <span class='ocr_line' id='line_1_5' title="bbox 158 912 1792 1006; baseline -0.004 -16"><span class='ocrx_word' id='word_1_20' title='bbox 158 935 315 1006; x_wconf 90' lang='lat' dir='ltr'>quissimam</span> <span class='ocrx_word' id='word_1_21' title='bbox 328 926 460 987; x_wconf 85' lang='lat' dir='ltr'>canonum</span> <span class='ocrx_word' id='word_1_22' title='bbox 474 929 661 985; x_wconf 76' lang='lat' dir='ltr'>collectionem</span> <span class='ocrx_word' id='word_1_23' title='bbox 673 929 779 998; x_wconf 86' lang='lat' dir='ltr'>aliaque</span> <span class='ocrx_word' id='word_1_24' title='bbox 794 925 891 982; x_wconf 77' lang='lat' dir='ltr'>vetusti</span> <span class='ocrx_word' id='word_1_25' title='bbox 902 912 971 996; x_wconf 76' lang='lat' dir='ltr'>iuris</span> <span class='ocrx_word' id='word_1_26' title='bbox 985 926 1107 983; x_wconf 90' lang='lat' dir='ltr'>canonici</span> <span class='ocrx_word' id='word_1_27' title='bbox 1119 927 1279 985; x_wconf 88' lang='lat' dir='ltr'>documenta</span> <span class='ocrx_word' id='word_1_28' title='bbox 1290 930 1425 994; x_wconf 89' lang='lat' dir='ltr'>continet,</span> <span class='ocrx_word' id='word_1_29' title='bbox 1437 930 1530 999; x_wconf 89' lang='lat' dir='ltr'>paucis</span> <span class='ocrx_word' id='word_1_30' title='bbox 1542 928 1730 999; x_wconf 89' lang='lat' dir='ltr'>exponendum</span> <span class='ocrx_word' id='word_1_31' title='bbox 1740 940 1792 984; x_wconf 87' lang='lat' dir='ltr'>est.</span> 
     </span>
     <span class='ocr_line' id='line_1_6' title="bbox 158 1013 1796 1093; baseline -0.004 -15"><span class='ocrx_word' id='word_1_32' title='bbox 158 1024 315 1093; x_wconf 81' lang='lat' dir='ltr'>Quosnellus</span> <span class='ocrx_word' id='word_1_33' title='bbox 329 1022 356 1077; x_wconf 91' lang='lat' dir='ltr'>in</span> <span class='ocrx_word' id='word_1_34' title='bbox 370 1036 419 1077; x_wconf 92' lang='lat' dir='ltr'>sua</span> <span class='ocrx_word' id='word_1_35' title='bbox 433 1019 551 1076; x_wconf 72' lang='lat' dir='ltr'>editione</span> <span class='ocrx_word' id='word_1_36' title='bbox 570 1018 673 1074; x_wconf 93' lang='lat' dir='ltr'>idcirco</span> <span class='ocrx_word' id='word_1_37' title='bbox 693 1015 722 1074; x_wconf 88' lang='lat' dir='ltr'>S.</span> <span class='ocrx_word' id='word_1_38' title='bbox 747 1015 846 1072; x_wconf 83' lang='lat' dir='ltr'>Leonis</span> <span class='ocrx_word' id='word_1_39' title='bbox 859 1014 994 1086; x_wconf 77' lang='lat' dir='ltr'>Operibus</span> <span class='ocrx_word' id='word_1_40' title='bbox 1018 1013 1134 1084; x_wconf 82' lang='lat' dir='ltr'>subjecit</span> <span class='ocrx_word' id='word_1_41' title='bbox 1156 1026 1333 1072; x_wconf 73' lang='lat' dir='ltr'>memoratam</span> <span class='ocrx_word' id='word_1_42' title='bbox 1352 1017 1539 1074; x_wconf 80' lang='lat' dir='ltr'>collectionem</span> <span class='ocrx_word' id='word_1_43' title='bbox 1563 1030 1713 1083; x_wconf 86' lang='lat' dir='ltr'>canomm,</span> <span class='ocrx_word' id='word_1_44' title='bbox 1732 1016 1796 1088; x_wconf 86' lang='lat' dir='ltr'>quia</span> 
     </span>
     <span class='ocr_line' id='line_1_7' title="bbox 159 1108 1794 1188; baseline -0.004 -18"><span class='ocrx_word' id='word_1_45' title='bbox 159 1115 242 1188; x_wconf 87' lang='lat' dir='ltr'>ipsam</span> <span class='ocrx_word' id='word_1_46' title='bbox 255 1113 386 1169; x_wconf 81' lang='lat' dir='ltr'>Romame</span> <span class='ocrx_word' id='word_1_47' title='bbox 404 1110 533 1166; x_wconf 71' lang='lat' dir='ltr'>Ecclesia</span> <span class='ocrx_word' id='word_1_48' title='bbox 554 1108 674 1166; x_wconf 90' lang='lat' dir='ltr'>codicem</span> <span class='ocrx_word' id='word_1_49' title='bbox 688 1123 750 1164; x_wconf 89' lang='lat' dir='ltr'>esse</span> <span class='ocrx_word' id='word_1_50' title='bbox 768 1108 872 1178; x_wconf 87' lang='lat' dir='ltr'>putarit</span> <span class='ocrx_word' id='word_1_51' title='bbox 884 1149 891 1173; x_wconf 88' lang='lat'>,</span> <span class='ocrx_word' id='word_1_52' title='bbox 904 1108 950 1180; x_wconf 94' lang='lat' dir='ltr'>qui</span> <span class='ocrx_word' id='word_1_53' title='bbox 966 1108 1017 1164; x_wconf 90' lang='lat' dir='ltr'>sub</span> <span class='ocrx_word' id='word_1_54' title='bbox 1032 1109 1204 1180; x_wconf 86' lang='lat' dir='ltr'>pontillcibus</span> <span class='ocrx_word' id='word_1_55' title='bbox 1219 1109 1373 1166; x_wconf 90' lang='lat' dir='ltr'>innocentio</span> <span class='ocrx_word' id='word_1_56' title='bbox 1385 1148 1393 1175; x_wconf 89' lang='lat'>,</span> <span class='ocrx_word' id='word_1_57' title='bbox 1406 1109 1514 1165; x_wconf 77' lang='lat' dir='ltr'>&#39;docimo</span> <span class='ocrx_word' id='word_1_58' title='bbox 1528 1119 1609 1182; x_wconf 87' lang='lat' dir='ltr'>atque</span> <span class='ocrx_word' id='word_1_59' title='bbox 1622 1113 1712 1169; x_wconf 85' lang='lat' dir='ltr'>Leone</span> <span class='ocrx_word' id='word_1_60' title='bbox 1734 1113 1794 1167; x_wconf 87' lang='lat' dir='ltr'>usui</span> 
     </span>
     <span class='ocr_line' id='line_1_8' title="bbox 162 1195 1796 1270; baseline -0.006 -7"><span class='ocrx_word' id='word_1_61' title='bbox 162 1205 271 1270; x_wconf 82' lang='lat' dir='ltr'>iisset,</span> <span class='ocrx_word' id='word_1_62' title='bbox 286 1212 314 1260; x_wconf 91' lang='lat' dir='ltr'>et</span> <span class='ocrx_word' id='word_1_63' title='bbox 326 1204 409 1258; x_wconf 87' lang='lat' dir='ltr'>multa</span> <span class='ocrx_word' id='word_1_64' title='bbox 423 1200 458 1255; x_wconf 89' lang='lat' dir='ltr'>ab</span> <span class='ocrx_word' id='word_1_65' title='bbox 469 1200 585 1270; x_wconf 90' lang='lat' dir='ltr'>ipsomet</span> <span class='ocrx_word' id='word_1_66' title='bbox 599 1198 690 1254; x_wconf 78' lang='lat' dir='ltr'>teum</span> <span class='ocrx_word' id='word_1_67' title='bbox 701 1198 802 1253; x_wconf 90' lang='lat' dir='ltr'>inserta</span> <span class='ocrx_word' id='word_1_68' title='bbox 814 1197 971 1268; x_wconf 85' lang='lat' dir='ltr'>recepisset.</span> <span class='ocrx_word' id='word_1_69' title='bbox 984 1197 1060 1254; x_wconf 87' lang='lat' dir='ltr'>Licet</span> <span class='ocrx_word' id='word_1_70' title='bbox 1074 1212 1139 1254; x_wconf 89' lang='lat' dir='ltr'>reru</span> <span class='ocrx_word' id='word_1_71' title='bbox 1158 1198 1185 1253; x_wconf 91' lang='lat' dir='ltr'>id</span> <span class='ocrx_word' id='word_1_72' title='bbox 1199 1202 1309 1252; x_wconf 87' lang='lat' dir='ltr'>omnino</span> <span class='ocrx_word' id='word_1_73' title='bbox 1321 1196 1417 1251; x_wconf 81' lang='lat' dir='ltr'>laisum</span> <span class='ocrx_word' id='word_1_74' title='bbox 1428 1195 1480 1252; x_wconf 90' lang='lat' dir='ltr'>boc</span> <span class='ocrx_word' id='word_1_75' title='bbox 1493 1197 1587 1254; x_wconf 90' lang='lat' dir='ltr'>eodem</span> <span class='ocrx_word' id='word_1_76' title='bbox 1603 1208 1677 1254; x_wconf 93' lang='lat' dir='ltr'>tomo</span> <span class='ocrx_word' id='word_1_77' title='bbox 1699 1200 1796 1270; x_wconf 86' lang='lat' dir='ltr'>probu-</span> 
     </span>
     <span class='ocr_line' id='line_1_9' title="bbox 164 1283 1796 1357; baseline -0.005 -5"><span class='ocrx_word' id='word_1_78' title='bbox 164 1295 308 1353; x_wconf 79' lang='lat' dir='ltr'>irrisimus</span> <span class='ocrx_word' id='word_1_79' title='bbox 327 1293 355 1348; x_wconf 93' lang='lat' dir='ltr'>iu</span> <span class='ocrx_word' id='word_1_80' title='bbox 376 1289 613 1347; x_wconf 83' lang='lat' dir='ltr'>obseruationibus</span> <span class='ocrx_word' id='word_1_81' title='bbox 626 1287 659 1342; x_wconf 89' lang='lat' dir='ltr'>ad</span> <span class='ocrx_word' id='word_1_82' title='bbox 671 1285 888 1342; x_wconf 74' lang='lat' dir='ltr'>dissertationem</span> <span class='ocrx_word' id='word_1_83' title='bbox 911 1286 996 1356; x_wconf 89' lang='lat' dir='ltr'>ipsius</span> <span class='ocrx_word' id='word_1_84' title='bbox 1010 1287 1146 1353; x_wconf 82' lang='lat' dir='ltr'>Quosnelli</span> <span class='ocrx_word' id='word_1_85' title='bbox 1161 1285 1360 1354; x_wconf 89' lang='lat' dir='ltr'>duodecimam,</span> <span class='ocrx_word' id='word_1_86' title='bbox 1379 1283 1463 1341; x_wconf 73' lang='lat' dir='ltr'>tribulo</span> <span class='ocrx_word' id='word_1_87' title='bbox 1477 1296 1565 1342; x_wconf 87' lang='lat' dir='ltr'>tamen</span> <span class='ocrx_word' id='word_1_88' title='bbox 1583 1288 1672 1343; x_wconf 89' lang='lat' dir='ltr'>minus</span> <span class='ocrx_word' id='word_1_89' title='bbox 1687 1288 1796 1357; x_wconf 90' lang='lat' dir='ltr'>nequid</span> 
     </span>
     <span class='ocr_line' id='line_1_10' title="bbox 162 1378 1798 1451; baseline -0.006 -5"><span class='ocrx_word' id='word_1_90' title='bbox 162 1390 220 1448; x_wconf 87' lang='lat' dir='ltr'>loic</span> <span class='ocrx_word' id='word_1_91' title='bbox 234 1397 335 1443; x_wconf 85' lang='lat' dir='ltr'>nostrae</span> <span class='ocrx_word' id='word_1_92' title='bbox 349 1384 459 1441; x_wconf 91' lang='lat' dir='ltr'>editioni</span> <span class='ocrx_word' id='word_1_93' title='bbox 474 1383 591 1444; x_wconf 85' lang='lat' dir='ltr'>deesset,</span> <span class='ocrx_word' id='word_1_94' title='bbox 603 1395 655 1451; x_wconf 90' lang='lat' dir='ltr'>qus</span> <span class='ocrx_word' id='word_1_95' title='bbox 670 1389 752 1435; x_wconf 89' lang='lat' dir='ltr'>totam</span> <span class='ocrx_word' id='word_1_96' title='bbox 765 1378 909 1436; x_wconf 87' lang='lat' dir='ltr'>editionem</span> <span class='ocrx_word' id='word_1_97' title='bbox 920 1380 1138 1447; x_wconf 82' lang='lat' dir='ltr'>Quesuellianam</span> <span class='ocrx_word' id='word_1_98' title='bbox 1151 1381 1325 1449; x_wconf 84' lang='lat' dir='ltr'>repetendam</span> <span class='ocrx_word' id='word_1_99' title='bbox 1343 1379 1455 1450; x_wconf 79' lang='lat' dir='ltr'>polliciti</span> <span class='ocrx_word' id='word_1_100' title='bbox 1466 1394 1570 1446; x_wconf 85' lang='lat' dir='ltr'>sumus,</span> <span class='ocrx_word' id='word_1_101' title='bbox 1582 1379 1653 1436; x_wconf 89' lang='lat' dir='ltr'>idem</span> <span class='ocrx_word' id='word_1_102' title='bbox 1665 1392 1798 1437; x_wconf 72' lang='lat' dir='ltr'>censimum</span> 
     </span>
     <span class='ocr_line' id='line_1_11' title="bbox 161 1470 1798 1544; baseline -0.005 -6"><span class='ocrx_word' id='word_1_103' title='bbox 161 1481 242 1540; x_wconf 88' lang='lat' dir='ltr'>codex</span> <span class='ocrx_word' id='word_1_104' title='bbox 257 1475 427 1534; x_wconf 89' lang='lat' dir='ltr'>recudeodos</span> <span class='ocrx_word' id='word_1_105' title='bbox 442 1474 501 1530; x_wconf 88' lang='lat' dir='ltr'>luit.</span> <span class='ocrx_word' id='word_1_106' title='bbox 513 1473 569 1528; x_wconf 90' lang='lat' dir='ltr'>ilac</span> <span class='ocrx_word' id='word_1_107' title='bbox 579 1480 672 1527; x_wconf 86' lang='lat' dir='ltr'>autem</span> <span class='ocrx_word' id='word_1_108' title='bbox 684 1472 710 1526; x_wconf 93' lang='lat' dir='ltr'>ln</span> <span class='ocrx_word' id='word_1_109' title='bbox 725 1486 755 1526; x_wconf 91' lang='lat' dir='ltr'>re</span> <span class='ocrx_word' id='word_1_110' title='bbox 768 1485 830 1526; x_wconf 91' lang='lat' dir='ltr'>curn</span> <span class='ocrx_word' id='word_1_111' title='bbox 843 1470 903 1540; x_wconf 76' lang='lat' dir='ltr'>eins</span> <span class='ocrx_word' id='word_1_112' title='bbox 915 1470 999 1526; x_wconf 91' lang='lat' dir='ltr'>editio</span> <span class='ocrx_word' id='word_1_113' title='bbox 1014 1473 1101 1541; x_wconf 89' lang='lat' dir='ltr'>ipsum</span> <span class='ocrx_word' id='word_1_114' title='bbox 1112 1473 1232 1528; x_wconf 87' lang='lat' dir='ltr'>codicem</span> <span class='ocrx_word' id='word_1_115' title='bbox 1246 1487 1299 1527; x_wconf 92' lang='lat' dir='ltr'>nou</span> <span class='ocrx_word' id='word_1_116' title='bbox 1313 1470 1424 1527; x_wconf 90' lang='lat' dir='ltr'>omnino</span> <span class='ocrx_word' id='word_1_117' title='bbox 1439 1472 1571 1544; x_wconf 73' lang='lat' dir='ltr'>integrum</span> <span class='ocrx_word' id='word_1_118' title='bbox 1587 1487 1638 1529; x_wconf 90' lang='lat' dir='ltr'>nec</span> <span class='ocrx_word' id='word_1_119' title='bbox 1651 1471 1798 1530; x_wconf 87' lang='lat' dir='ltr'>identidem</span> 
     </span>
     <span class='ocr_line' id='line_1_12' title="bbox 159 1562 1797 1636; baseline -0.006 -7"><span class='ocrx_word' id='word_1_120' title='bbox 159 1588 217 1629; x_wconf 92' lang='lat' dir='ltr'>cum</span> <span class='ocrx_word' id='word_1_121' title='bbox 229 1568 387 1627; x_wconf 88' lang='lat' dir='ltr'>melioribus</span> <span class='ocrx_word' id='word_1_122' title='bbox 400 1582 432 1622; x_wconf 88' lang='lat' dir='ltr'>ac</span> <span class='ocrx_word' id='word_1_123' title='bbox 445 1565 638 1622; x_wconf 85' lang='lat' dir='ltr'>sincerioribus</span> <span class='ocrx_word' id='word_1_124' title='bbox 652 1563 812 1620; x_wconf 86' lang='lat' dir='ltr'>lectionibus</span> <span class='ocrx_word' id='word_1_125' title='bbox 827 1562 1068 1636; x_wconf 79' lang='lat' dir='ltr'>exbibueril,quid</span> <span class='ocrx_word' id='word_1_126' title='bbox 1080 1564 1106 1618; x_wconf 93' lang='lat' dir='ltr'>iu</span> <span class='ocrx_word' id='word_1_127' title='bbox 1120 1565 1178 1634; x_wconf 90' lang='lat' dir='ltr'>ipso</span> <span class='ocrx_word' id='word_1_128' title='bbox 1191 1563 1358 1619; x_wconf 88' lang='lat' dir='ltr'>restituendo</span> <span class='ocrx_word' id='word_1_129' title='bbox 1367 1577 1398 1620; x_wconf 86' lang='lat' dir='ltr'>ac</span> <span class='ocrx_word' id='word_1_130' title='bbox 1409 1562 1567 1619; x_wconf 87' lang='lat' dir='ltr'>illustrando</span> <span class='ocrx_word' id='word_1_131' title='bbox 1580 1564 1797 1633; x_wconf 77' lang='lat' dir='ltr'>praestiterimus,</span> 
     </span>
     <span class='ocr_line' id='line_1_13' title="bbox 159 1655 1798 1740; baseline -0.008 -13"><span class='ocrx_word' id='word_1_132' title='bbox 159 1687 190 1728; x_wconf 91' lang='lat' dir='ltr'>ex</span> <span class='ocrx_word' id='word_1_133' title='bbox 202 1667 359 1740; x_wconf 76' lang='lat' dir='ltr'>prelatione</span> <span class='ocrx_word' id='word_1_134' title='bbox 372 1664 459 1720; x_wconf 90' lang='lat' dir='ltr'>eidem</span> <span class='ocrx_word' id='word_1_135' title='bbox 472 1661 596 1732; x_wconf 71' lang='lat' dir='ltr'>praelixa,</span> <span class='ocrx_word' id='word_1_136' title='bbox 607 1668 635 1715; x_wconf 92' lang='lat' dir='ltr'>et</span> <span class='ocrx_word' id='word_1_137' title='bbox 648 1660 734 1714; x_wconf 92' lang='lat' dir='ltr'>multo</span> <span class='ocrx_word' id='word_1_138' title='bbox 747 1658 833 1728; x_wconf 72' lang='lat' dir='ltr'>magis</span> <span class='ocrx_word' id='word_1_139' title='bbox 852 1672 885 1713; x_wconf 86' lang='lat' dir='ltr'>es</span> <span class='ocrx_word' id='word_1_140' title='bbox 901 1657 1120 1713; x_wconf 76' lang='lat' dir='ltr'>annotationibus</span> <span class='ocrx_word' id='word_1_141' title='bbox 1134 1657 1182 1727; x_wconf 91' lang='lat' dir='ltr'>ipsi</span> <span class='ocrx_word' id='word_1_142' title='bbox 1197 1657 1324 1726; x_wconf 83' lang='lat' dir='ltr'>subjectis</span> <span class='ocrx_word' id='word_1_143' title='bbox 1337 1657 1425 1728; x_wconf 90' lang='lat' dir='ltr'>palam</span> <span class='ocrx_word' id='word_1_144' title='bbox 1440 1655 1496 1712; x_wconf 84' lang='lat' dir='ltr'>bet.</span> <span class='ocrx_word' id='word_1_145' title='bbox 1512 1655 1569 1712; x_wconf 88' lang='lat' dir='ltr'>liae</span> <span class='ocrx_word' id='word_1_146' title='bbox 1581 1658 1724 1713; x_wconf 75' lang='lat' dir='ltr'>occasione</span> <span class='ocrx_word' id='word_1_147' title='bbox 1736 1672 1798 1713; x_wconf 92' lang='lat' dir='ltr'>com</span> 
     </span>
     <span class='ocr_line' id='line_1_14' title="bbox 159 1748 1801 1822; baseline -0.008 -4"><span class='ocrx_word' id='word_1_148' title='bbox 159 1761 186 1819; x_wconf 89' lang='lat' dir='ltr'>in</span> <span class='ocrx_word' id='word_1_149' title='bbox 200 1774 265 1815; x_wconf 90' lang='lat' dir='ltr'>mss.</span> <span class='ocrx_word' id='word_1_150' title='bbox 281 1755 420 1812; x_wconf 85' lang='lat' dir='ltr'>codicibus</span> <span class='ocrx_word' id='word_1_151' title='bbox 434 1763 461 1808; x_wconf 93' lang='lat' dir='ltr'>et</span> <span class='ocrx_word' id='word_1_152' title='bbox 476 1750 645 1808; x_wconf 88' lang='lat' dir='ltr'>documentis</span> <span class='ocrx_word' id='word_1_153' title='bbox 660 1750 834 1805; x_wconf 79' lang='lat' dir='ltr'>uetustissimi</span> <span class='ocrx_word' id='word_1_154' title='bbox 843 1748 913 1821; x_wconf 77' lang='lat' dir='ltr'>iuris</span> <span class='ocrx_word' id='word_1_155' title='bbox 926 1750 1050 1807; x_wconf 88' lang='lat' dir='ltr'>canonici</span> <span class='ocrx_word' id='word_1_156' title='bbox 1060 1751 1236 1809; x_wconf 85' lang='lat' dir='ltr'>laborandum</span> <span class='ocrx_word' id='word_1_157' title='bbox 1251 1748 1347 1819; x_wconf 87' lang='lat' dir='ltr'>inerit,</span> <span class='ocrx_word' id='word_1_158' title='bbox 1361 1749 1440 1820; x_wconf 91' lang='lat' dir='ltr'>plura</span> <span class='ocrx_word' id='word_1_159' title='bbox 1453 1748 1606 1806; x_wconf 82' lang='lat' dir='ltr'>deteximus</span> <span class='ocrx_word' id='word_1_160' title='bbox 1619 1750 1716 1822; x_wconf 90' lang='lat' dir='ltr'>quibus</span> <span class='ocrx_word' id='word_1_161' title='bbox 1730 1752 1801 1806; x_wconf 85' lang='lat' dir='ltr'>auti·</span> 
     </span>
     <span class='ocr_line' id='line_1_15' title="bbox 161 1842 1800 1928; baseline -0.006 -19"><span class='ocrx_word' id='word_1_162' title='bbox 161 1870 240 1928; x_wconf 92' lang='lat' dir='ltr'>quum</span> <span class='ocrx_word' id='word_1_163' title='bbox 251 1850 411 1909; x_wconf 87' lang='lat' dir='ltr'>canonicum</span> <span class='ocrx_word' id='word_1_164' title='bbox 420 1847 465 1917; x_wconf 83' lang='lat' dir='ltr'>jus</span> <span class='ocrx_word' id='word_1_165' title='bbox 479 1845 605 1901; x_wconf 89' lang='lat' dir='ltr'>illustrari</span> <span class='ocrx_word' id='word_1_166' title='bbox 619 1851 719 1915; x_wconf 91' lang='lat' dir='ltr'>posset.</span> <span class='ocrx_word' id='word_1_167' title='bbox 735 1843 801 1900; x_wconf 77' lang='lat' dir='ltr'>llaec</span> <span class='ocrx_word' id='word_1_168' title='bbox 818 1858 883 1900; x_wconf 88' lang='lat' dir='ltr'>nero</span> <span class='ocrx_word' id='word_1_169' title='bbox 898 1845 924 1899; x_wconf 92' lang='lat' dir='ltr'>in</span> <span class='ocrx_word' id='word_1_170' title='bbox 940 1845 1075 1917; x_wconf 88' lang='lat' dir='ltr'>publicum</span> <span class='ocrx_word' id='word_1_171' title='bbox 1091 1843 1213 1915; x_wconf 82' lang='lat' dir='ltr'>prolerre</span> <span class='ocrx_word' id='word_1_172' title='bbox 1227 1843 1294 1899; x_wconf 91' lang='lat' dir='ltr'>utile</span> <span class='ocrx_word' id='word_1_173' title='bbox 1311 1851 1339 1898; x_wconf 88' lang='lat' dir='ltr'>et</span> <span class='ocrx_word' id='word_1_174' title='bbox 1353 1850 1460 1913; x_wconf 74' lang='lat' dir='ltr'>quatum</span> <span class='ocrx_word' id='word_1_175' title='bbox 1472 1842 1589 1899; x_wconf 88' lang='lat' dir='ltr'>loturum</span> <span class='ocrx_word' id='word_1_176' title='bbox 1605 1845 1800 1915; x_wconf 87' lang='lat' dir='ltr'>persensimus.</span> 
     </span>
     <span class='ocr_line' id='line_1_16' title="bbox 161 1932 1801 2016; baseline -0.009 -13"><span class='ocrx_word' id='word_1_177' title='bbox 161 1947 227 2005; x_wconf 91' lang='lat' dir='ltr'>llinc</span> <span class='ocrx_word' id='word_1_178' title='bbox 237 1946 354 2016; x_wconf 85' lang='lat' dir='ltr'>priscam</span> <span class='ocrx_word' id='word_1_179' title='bbox 365 1952 497 1995; x_wconf 82' lang='lat' dir='ltr'>canonum</span> <span class='ocrx_word' id='word_1_180' title='bbox 513 1935 660 1992; x_wconf 88' lang='lat' dir='ltr'>editionem</span> <span class='ocrx_word' id='word_1_181' title='bbox 670 1934 813 2003; x_wconf 80' lang='lat' dir='ltr'>-tatinam,</span> <span class='ocrx_word' id='word_1_182' title='bbox 825 1949 884 2006; x_wconf 80' lang='lat' dir='ltr'>ques</span> <span class='ocrx_word' id='word_1_183' title='bbox 897 1950 957 1992; x_wconf 88' lang='lat' dir='ltr'>cum</span> <span class='ocrx_word' id='word_1_184' title='bbox 973 1935 1000 1991; x_wconf 90' lang='lat' dir='ltr'>in</span> <span class='ocrx_word' id='word_1_185' title='bbox 1023 1949 1133 2006; x_wconf 88' lang='lat' dir='ltr'>perrara</span> <span class='ocrx_word' id='word_1_186' title='bbox 1148 1932 1314 1990; x_wconf 82' lang='lat' dir='ltr'>Bibliotheca</span> <span class='ocrx_word' id='word_1_187' title='bbox 1329 1933 1399 2003; x_wconf 84' lang='lat' dir='ltr'>juris</span> <span class='ocrx_word' id='word_1_188' title='bbox 1410 1933 1531 1990; x_wconf 83' lang='lat' dir='ltr'>canonici</span> <span class='ocrx_word' id='word_1_189' title='bbox 1544 1975 1552 2000; x_wconf 82' lang='lat'><strong>.</strong></span> <span class='ocrx_word' id='word_1_190' title='bbox 1565 1932 1701 1991; x_wconf 83' lang='lat' dir='ltr'>Guttielmi</span> <span class='ocrx_word' id='word_1_191' title='bbox 1716 1933 1801 1991; x_wconf 88' lang='lat' dir='ltr'>lloelli</span> 
     </span>
     <span class='ocr_line' id='line_1_17' title="bbox 162 2025 1802 2102; baseline -0.008 -8"><span class='ocrx_word' id='word_1_192' title='bbox 162 2048 188 2093; x_wconf 86' lang='lat' dir='ltr'>et</span> <span class='ocrx_word' id='word_1_193' title='bbox 200 2035 311 2094; x_wconf 86' lang='lat' dir='ltr'>ilenrici</span> <span class='ocrx_word' id='word_1_194' title='bbox 327 2031 432 2089; x_wconf 80' lang='lat' dir='ltr'>Justeili</span> <span class='ocrx_word' id='word_1_195' title='bbox 444 2045 526 2102; x_wconf 84' lang='lat' dir='ltr'>opesa</span> <span class='ocrx_word' id='word_1_196' title='bbox 537 2069 544 2096; x_wconf 89' lang='lat'>,</span> <span class='ocrx_word' id='word_1_197' title='bbox 556 2028 696 2100; x_wconf 85' lang='lat' dir='ltr'>prodierit,</span> <span class='ocrx_word' id='word_1_198' title='bbox 708 2028 751 2082; x_wconf 86' lang='lat' dir='ltr'>rlx</span> <span class='ocrx_word' id='word_1_199' title='bbox 766 2030 874 2099; x_wconf 77' lang='lat' dir='ltr'>coquite</span> <span class='ocrx_word' id='word_1_200' title='bbox 889 2036 930 2084; x_wconf 88' lang='lat' dir='ltr'>est</span> <span class='ocrx_word' id='word_1_201' title='bbox 942 2068 951 2094; x_wconf 96' lang='lat'>,</span> <span class='ocrx_word' id='word_1_202' title='bbox 965 2027 998 2084; x_wconf 92' lang='lat' dir='ltr'>ad</span> <span class='ocrx_word' id='word_1_203' title='bbox 1011 2027 1135 2083; x_wconf 90' lang='lat' dir='ltr'>codicum</span> <span class='ocrx_word' id='word_1_204' title='bbox 1148 2025 1228 2082; x_wconf 87' lang='lat' dir='ltr'>fldem</span> <span class='ocrx_word' id='word_1_205' title='bbox 1243 2038 1384 2093; x_wconf 82' lang='lat' dir='ltr'>exactam,</span> <span class='ocrx_word' id='word_1_206' title='bbox 1398 2027 1529 2096; x_wconf 74' lang='lat' dir='ltr'>integram</span> <span class='ocrx_word' id='word_1_207' title='bbox 1544 2037 1573 2084; x_wconf 90' lang='lat' dir='ltr'>et</span> <span class='ocrx_word' id='word_1_208' title='bbox 1587 2027 1802 2084; x_wconf 87' lang='lat' dir='ltr'>emendatiorem</span> 
     </span>
     <span class='ocr_line' id='line_1_18' title="bbox 163 2120 1802 2197; baseline -0.005 -8"><span class='ocrx_word' id='word_1_209' title='bbox 163 2130 324 2189; x_wconf 88' lang='lat' dir='ltr'>addidimus.</span> <span class='ocrx_word' id='word_1_210' title='bbox 340 2127 415 2184; x_wconf 78' lang='lat' dir='ltr'>nitus</span> <span class='ocrx_word' id='word_1_211' title='bbox 431 2133 564 2197; x_wconf 82' lang='lat' dir='ltr'>preterea</span> <span class='ocrx_word' id='word_1_212' title='bbox 580 2122 777 2178; x_wconf 88' lang='lat' dir='ltr'>retustlssimas</span> <span class='ocrx_word' id='word_1_213' title='bbox 791 2121 949 2179; x_wconf 83' lang='lat' dir='ltr'>Graecorum</span> <span class='ocrx_word' id='word_1_214' title='bbox 970 2135 1103 2178; x_wconf 86' lang='lat' dir='ltr'>cartonnm</span> <span class='ocrx_word' id='word_1_215' title='bbox 1120 2121 1259 2178; x_wconf 79' lang='lat' dir='ltr'>versiones</span> <span class='ocrx_word' id='word_1_216' title='bbox 1279 2130 1358 2177; x_wconf 86' lang='lat' dir='ltr'>antea</span> <span class='ocrx_word' id='word_1_217' title='bbox 1375 2120 1494 2177; x_wconf 88' lang='lat' dir='ltr'>ineditas</span> <span class='ocrx_word' id='word_1_218' title='bbox 1512 2120 1644 2191; x_wconf 91' lang='lat' dir='ltr'>inserere,</span> <span class='ocrx_word' id='word_1_219' title='bbox 1658 2131 1685 2179; x_wconf 91' lang='lat' dir='ltr'>et</span> <span class='ocrx_word' id='word_1_220' title='bbox 1703 2123 1802 2182; x_wconf 84' lang='lat' dir='ltr'>selecta</span> 
     </span>
     <span class='ocr_line' id='line_1_19' title="bbox 164 2215 1802 2298; baseline -0.005 -16"><span class='ocrx_word' id='word_1_221' title='bbox 164 2228 285 2298; x_wconf 82' lang='lat' dir='ltr'>quaedam</span> <span class='ocrx_word' id='word_1_222' title='bbox 312 2221 415 2295; x_wconf 86' lang='lat' dir='ltr'>antiqui</span> <span class='ocrx_word' id='word_1_223' title='bbox 436 2220 505 2291; x_wconf 75' lang='lat' dir='ltr'>luris</span> <span class='ocrx_word' id='word_1_224' title='bbox 523 2217 651 2275; x_wconf 74' lang='lat' dir='ltr'>muoniei</span> <span class='ocrx_word' id='word_1_225' title='bbox 677 2215 837 2275; x_wconf 89' lang='lat' dir='ltr'>documenta</span> <span class='ocrx_word' id='word_1_226' title='bbox 866 2216 984 2272; x_wconf 88' lang='lat' dir='ltr'>nondum</span> <span class='ocrx_word' id='word_1_227' title='bbox 1008 2216 1152 2288; x_wconf 85' lang='lat' dir='ltr'>impressa,</span> <span class='ocrx_word' id='word_1_228' title='bbox 1175 2216 1218 2273; x_wconf 83' lang='lat' dir='ltr'>rei</span> <span class='ocrx_word' id='word_1_229' title='bbox 1239 2231 1292 2272; x_wconf 92' lang='lat' dir='ltr'>uon</span> <span class='ocrx_word' id='word_1_230' title='bbox 1316 2215 1384 2271; x_wconf 91' lang='lat' dir='ltr'>satis</span> <span class='ocrx_word' id='word_1_231' title='bbox 1403 2215 1522 2288; x_wconf 81' lang='lat' dir='ltr'>vulquta,</span> <span class='ocrx_word' id='word_1_232' title='bbox 1546 2216 1680 2288; x_wconf 81' lang='lat' dir='ltr'>subjicere</span> <span class='ocrx_word' id='word_1_233' title='bbox 1704 2222 1802 2276; x_wconf 87' lang='lat' dir='ltr'>consti·</span> 
     </span>
     <span class='ocr_line' id='line_1_20' title="bbox 165 2320 1555 2376; baseline -0.012 -2"><span class='ocrx_word' id='word_1_234' title='bbox 165 2320 274 2376; x_wconf 84' lang='lat' dir='ltr'>luimus.</span> <span class='ocrx_word' id='word_1_235' title='bbox 1553 2353 1555 2358; x_wconf 85' lang='lat'><em>.</em></span> 
     </span>
    </p>

    <p class='ocr_par' dir='ltr' id='par_1_5' title="bbox 198 2400 1803 2483">
     <span class='ocr_line' id='line_1_21' title="bbox 198 2400 1803 2483; baseline -0.004 -15"><span class='ocrx_word' id='word_1_236' title='bbox 198 2411 267 2468; x_wconf 81' lang='lat' dir='ltr'>Cum</span> <span class='ocrx_word' id='word_1_237' title='bbox 283 2424 366 2483; x_wconf 89' lang='lat' dir='ltr'>porro</span> <span class='ocrx_word' id='word_1_238' title='bbox 380 2408 455 2464; x_wconf 85' lang='lat' dir='ltr'>bisce</span> <span class='ocrx_word' id='word_1_239' title='bbox 472 2406 507 2464; x_wconf 90' lang='lat' dir='ltr'>de</span> <span class='ocrx_word' id='word_1_240' title='bbox 520 2404 610 2463; x_wconf 80' lang='lat' dir='ltr'>musis</span> <span class='ocrx_word' id='word_1_241' title='bbox 623 2403 782 2477; x_wconf 81' lang='lat' dir='ltr'>quamplura</span> <span class='ocrx_word' id='word_1_242' title='bbox 799 2409 966 2460; x_wconf 86' lang='lat' dir='ltr'>retustarom</span> <span class='ocrx_word' id='word_1_243' title='bbox 987 2402 1190 2472; x_wconf 83' lang='lat' dir='ltr'>collectionum,</span> <span class='ocrx_word' id='word_1_244' title='bbox 1213 2410 1269 2458; x_wconf 91' lang='lat' dir='ltr'>tum</span> <span class='ocrx_word' id='word_1_245' title='bbox 1289 2400 1421 2458; x_wconf 79' lang='lat' dir='ltr'>emtarum</span> <span class='ocrx_word' id='word_1_246' title='bbox 1436 2409 1493 2456; x_wconf 89' lang='lat' dir='ltr'>tum</span> <span class='ocrx_word' id='word_1_247' title='bbox 1513 2400 1686 2464; x_wconf 87' lang='lat' dir='ltr'>ineditarum.</span> <span class='ocrx_word' id='word_1_248' title='bbox 1711 2419 1803 2462; x_wconf 86' lang='lat' dir='ltr'>manu·</span> 
     </span>
    </p>

    <p class='ocr_par' dir='ltr' id='par_1_6' title="bbox 164 2495 1804 2663">
     <span class='ocr_line' id='line_1_22' title="bbox 164 2495 1803 2576; baseline -0.002 -15"><span class='ocrx_word' id='word_1_249' title='bbox 164 2507 264 2576; x_wconf 91' lang='lat' dir='ltr'>scripta</span> <span class='ocrx_word' id='word_1_250' title='bbox 279 2501 444 2573; x_wconf 87' lang='lat' dir='ltr'>exemplaria</span> <span class='ocrx_word' id='word_1_251' title='bbox 458 2500 659 2568; x_wconf 80' lang='lat' dir='ltr'>omiserimus,</span> <span class='ocrx_word' id='word_1_252' title='bbox 674 2515 690 2556; x_wconf 92' lang='lat' dir='ltr'>e</span> <span class='ocrx_word' id='word_1_253' title='bbox 704 2498 802 2571; x_wconf 92' lang='lat' dir='ltr'>quibus</span> <span class='ocrx_word' id='word_1_254' title='bbox 816 2499 1013 2571; x_wconf 75' lang='lat' dir='ltr'>antiquumlus</span> <span class='ocrx_word' id='word_1_255' title='bbox 1026 2500 1185 2555; x_wconf 79' lang='lat' dir='ltr'>canonicum</span> <span class='ocrx_word' id='word_1_256' title='bbox 1199 2495 1318 2568; x_wconf 87' lang='lat' dir='ltr'>pendet,</span> <span class='ocrx_word' id='word_1_257' title='bbox 1333 2502 1476 2553; x_wconf 88' lang='lat' dir='ltr'>tractatum</span> <span class='ocrx_word' id='word_1_258' title='bbox 1488 2495 1683 2554; x_wconf 85' lang='lat' dir='ltr'>lucubrandum</span> <span class='ocrx_word' id='word_1_259' title='bbox 1696 2506 1723 2555; x_wconf 93' lang='lat' dir='ltr'>et</span> <span class='ocrx_word' id='word_1_260' title='bbox 1738 2516 1803 2570; x_wconf 77' lang='lat' dir='ltr'>pre·</span> 
     </span>
     <span class='ocr_line' id='line_1_23' title="bbox 170 2590 1804 2663; baseline -0.001 -10"><span class='ocrx_word' id='word_1_261' title='bbox 170 2595 332 2653; x_wconf 87' lang='lat' dir='ltr'>mittendum</span> <span class='ocrx_word' id='word_1_262' title='bbox 345 2594 499 2650; x_wconf 86' lang='lat' dir='ltr'>censuimus</span> <span class='ocrx_word' id='word_1_263' title='bbox 512 2593 547 2649; x_wconf 91' lang='lat' dir='ltr'>de</span> <span class='ocrx_word' id='word_1_264' title='bbox 557 2593 685 2663; x_wconf 88' lang='lat' dir='ltr'>antiquis,</span> <span class='ocrx_word' id='word_1_265' title='bbox 699 2601 756 2648; x_wconf 94' lang='lat' dir='ltr'>tum</span> <span class='ocrx_word' id='word_1_266' title='bbox 768 2592 849 2649; x_wconf 91' lang='lat' dir='ltr'>editis</span> <span class='ocrx_word' id='word_1_267' title='bbox 870 2599 926 2648; x_wconf 91' lang='lat' dir='ltr'>tum</span> <span class='ocrx_word' id='word_1_268' title='bbox 941 2592 1064 2660; x_wconf 84' lang='lat' dir='ltr'>ineditis,</span> <span class='ocrx_word' id='word_1_269' title='bbox 1080 2591 1286 2649; x_wconf 87' lang='lat' dir='ltr'>collectionibus</span> <span class='ocrx_word' id='word_1_270' title='bbox 1297 2601 1324 2646; x_wconf 91' lang='lat' dir='ltr'>et</span> <span class='ocrx_word' id='word_1_271' title='bbox 1337 2590 1528 2648; x_wconf 85' lang='lat' dir='ltr'>collectoribus</span> <span class='ocrx_word' id='word_1_272' title='bbox 1541 2606 1674 2650; x_wconf 90' lang='lat' dir='ltr'>canonum</span> <span class='ocrx_word' id='word_1_273' title='bbox 1693 2595 1727 2650; x_wconf 89' lang='lat' dir='ltr'>ad</span> <span class='ocrx_word' id='word_1_274' title='bbox 1739 2595 1804 2652; x_wconf 88' lang='lat' dir='ltr'>Gra-</span> 
     </span>
    </p>

    <p class='ocr_par' dir='ltr' id='par_1_7' title="bbox 167 2683 1856 2757">
     <span class='ocr_line' id='line_1_24' title="bbox 167 2683 1856 2757; baseline -0.003 -14"><span class='ocrx_word' id='word_1_275' title='bbox 167 2690 270 2743; x_wconf 84' lang='lat' dir='ltr'>tianum</span> <span class='ocrx_word' id='word_1_276' title='bbox 284 2701 378 2757; x_wconf 87' lang='lat' dir='ltr'>usqne.</span> <span class='ocrx_word' id='word_1_277' title='bbox 393 2685 442 2742; x_wconf 89' lang='lat' dir='ltr'>liic</span> <span class='ocrx_word' id='word_1_278' title='bbox 454 2693 544 2741; x_wconf 91' lang='lat' dir='ltr'>autem</span> <span class='ocrx_word' id='word_1_279' title='bbox 557 2691 688 2740; x_wconf 86' lang='lat' dir='ltr'>tractatos</span> <span class='ocrx_word' id='word_1_280' title='bbox 704 2699 784 2755; x_wconf 92' lang='lat' dir='ltr'>quam</span> <span class='ocrx_word' id='word_1_281' title='bbox 803 2683 858 2742; x_wconf 91' lang='lat' dir='ltr'>iate</span> <span class='ocrx_word' id='word_1_282' title='bbox 872 2694 974 2757; x_wconf 90' lang='lat' dir='ltr'>pateat,</span> <span class='ocrx_word' id='word_1_283' title='bbox 990 2694 1019 2742; x_wconf 91' lang='lat' dir='ltr'>et</span> <span class='ocrx_word' id='word_1_284' title='bbox 1030 2700 1109 2756; x_wconf 86' lang='lat' dir='ltr'>qnam</span> <span class='ocrx_word' id='word_1_285' title='bbox 1126 2686 1208 2741; x_wconf 65' lang='lat' dir='ltr'>multa</span> <span class='ocrx_word' id='word_1_286' title='bbox 1226 2686 1364 2742; x_wconf 88' lang='lat' dir='ltr'>contineat</span> <span class='ocrx_word' id='word_1_287' title='bbox 1377 2684 1410 2741; x_wconf 91' lang='lat' dir='ltr'>ad</span> <span class='ocrx_word' id='word_1_288' title='bbox 1424 2698 1545 2742; x_wconf 81' lang='lat' dir='ltr'>canones</span> <span class='ocrx_word' id='word_1_289' title='bbox 1561 2685 1748 2753; x_wconf 87' lang='lat' dir='ltr'>illustrandos,</span> <span class='ocrx_word' id='word_1_290' title='bbox 1763 2687 1804 2742; x_wconf 84' lang='lat' dir='ltr'>rel</span> <span class='ocrx_word' id='word_1_291' title='bbox 1854 2731 1856 2737; x_wconf 85' lang='lat'>.</span> 
     </span>
    </p>

    <p class='ocr_par' dir='ltr' id='par_1_8' title="bbox 166 2772 1804 2849">
     <span class='ocr_line' id='line_1_25' title="bbox 166 2772 1804 2849; baseline -0.001 -15"><span class='ocrx_word' id='word_1_292' title='bbox 166 2775 349 2834; x_wconf 88' lang='lat' dir='ltr'>restituendos</span> <span class='ocrx_word' id='word_1_293' title='bbox 359 2782 389 2832; x_wconf 91' lang='lat' dir='ltr'>et</span> <span class='ocrx_word' id='word_1_294' title='bbox 400 2776 433 2831; x_wconf 91' lang='lat' dir='ltr'>ad</span> <span class='ocrx_word' id='word_1_295' title='bbox 444 2783 522 2830; x_wconf 86' lang='lat' dir='ltr'>retus</span> <span class='ocrx_word' id='word_1_296' title='bbox 532 2772 693 2830; x_wconf 91' lang='lat' dir='ltr'>canonicum</span> <span class='ocrx_word' id='word_1_297' title='bbox 703 2772 749 2845; x_wconf 79' lang='lat' dir='ltr'>jus</span> <span class='ocrx_word' id='word_1_298' title='bbox 759 2775 976 2845; x_wconf 72' lang='lat' dir='ltr'>cognoscendum</span> <span class='ocrx_word' id='word_1_299' title='bbox 986 2774 1074 2845; x_wconf 89' lang='lat' dir='ltr'>utilia,</span> <span class='ocrx_word' id='word_1_300' title='bbox 1083 2790 1117 2831; x_wconf 83' lang='lat' dir='ltr'>es</span> <span class='ocrx_word' id='word_1_301' title='bbox 1128 2774 1187 2846; x_wconf 89' lang='lat' dir='ltr'>ipso</span> <span class='ocrx_word' id='word_1_302' title='bbox 1199 2775 1317 2846; x_wconf 86' lang='lat' dir='ltr'>capitum</span> <span class='ocrx_word' id='word_1_303' title='bbox 1328 2775 1430 2843; x_wconf 89' lang='lat' dir='ltr'>iudice,</span> <span class='ocrx_word' id='word_1_304' title='bbox 1440 2791 1521 2845; x_wconf 91' lang='lat' dir='ltr'>quern</span> <span class='ocrx_word' id='word_1_305' title='bbox 1535 2791 1597 2834; x_wconf 85' lang='lat' dir='ltr'>mox</span> <span class='ocrx_word' id='word_1_306' title='bbox 1609 2777 1804 2849; x_wconf 81' lang='lat' dir='ltr'>appendentes.</span> 
     </span>
    </p>
   </div>
   <div class='ocr_carea' id='block_1_5' title="bbox 166 2862 1896 2942">
    <p class='ocr_par' dir='ltr' id='par_1_9' title="bbox 166 2862 1896 2942">
     <span class='ocr_line' id='line_1_26' title="bbox 166 2862 1896 2942; baseline 0.002 -21"><span class='ocrx_word' id='word_1_307' title='bbox 166 2866 400 2937; x_wconf 86' lang='lat' dir='ltr'>satisperspiciee.</span> <span class='ocrx_word' id='word_1_308' title='bbox 423 2862 512 2939; x_wconf 82' lang='lat' dir='ltr'>(iisne</span> <span class='ocrx_word' id='word_1_309' title='bbox 528 2863 640 2920; x_wconf 85' lang='lat' dir='ltr'>indicent</span> <span class='ocrx_word' id='word_1_310' title='bbox 658 2864 693 2918; x_wconf 83' lang='lat' dir='ltr'>od</span> <span class='ocrx_word' id='word_1_311' title='bbox 703 2862 839 2919; x_wconf 83' lang='lat' dir='ltr'>uoluminis</span> <span class='ocrx_word' id='word_1_312' title='bbox 854 2863 951 2919; x_wconf 85' lang='lat' dir='ltr'>calcem</span> <span class='ocrx_word' id='word_1_313' title='bbox 965 2865 998 2921; x_wconf 85' lang='lat' dir='ltr'>de</span> <span class='ocrx_word' id='word_1_314' title='bbox 1013 2882 1083 2922; x_wconf 90' lang='lat' dir='ltr'>more</span> <span class='ocrx_word' id='word_1_315' title='bbox 1100 2864 1258 2937; x_wconf 76' lang='lat' dir='ltr'>rejecimus.)</span> <span class='ocrx_word' id='word_1_316' title='bbox 1273 2866 1312 2923; x_wconf 88' lang='lat' dir='ltr'>lta</span> <span class='ocrx_word' id='word_1_317' title='bbox 1324 2866 1370 2924; x_wconf 85' lang='lat' dir='ltr'>bic</span> <span class='ocrx_word' id='word_1_318' title='bbox 1384 2877 1473 2925; x_wconf 90' lang='lat' dir='ltr'>tomus</span> <span class='ocrx_word' id='word_1_319' title='bbox 1484 2868 1586 2942; x_wconf 73' lang='lat' dir='ltr'>antIqui</span> <span class='ocrx_word' id='word_1_320' title='bbox 1598 2870 1671 2942; x_wconf 79' lang='lat' dir='ltr'>juris</span> <span class='ocrx_word' id='word_1_321' title='bbox 1683 2869 1804 2926; x_wconf 79' lang='lat' dir='ltr'>muenici</span> <span class='ocrx_word' id='word_1_322' title='bbox 1892 2893 1896 2898; x_wconf 58' lang='lat'><strong><em>¹</em></strong></span> 
     </span>
    </p>
   </div>
   <div class='ocr_carea' id='block_1_6' title="bbox 166 2955 1377 3030">
    <p class='ocr_par' dir='ltr' id='par_1_10' title="bbox 166 2955 1377 3030">
     <span class='ocr_line' id='line_1_27' title="bbox 166 2955 1377 3030; baseline 0.003 -18"><span class='ocrx_word' id='word_1_323' title='bbox 166 2958 249 3014; x_wconf 79' lang='lat' dir='ltr'>ueluti</span> <span class='ocrx_word' id='word_1_324' title='bbox 264 2971 362 3027; x_wconf 90' lang='lat' dir='ltr'>oorpus</span> <span class='ocrx_word' id='word_1_325' title='bbox 372 2965 430 3024; x_wconf 91' lang='lat' dir='ltr'>est,</span> <span class='ocrx_word' id='word_1_326' title='bbox 444 2971 476 3013; x_wconf 87' lang='lat' dir='ltr'>ac</span> <span class='ocrx_word' id='word_1_327' title='bbox 491 2971 524 3012; x_wconf 87' lang='lat' dir='ltr'>er</span> <span class='ocrx_word' id='word_1_328' title='bbox 538 2955 680 3026; x_wconf 82' lang='lat' dir='ltr'>premisso</span> <span class='ocrx_word' id='word_1_329' title='bbox 691 2965 806 3013; x_wconf 88' lang='lat' dir='ltr'>tractatu</span> <span class='ocrx_word' id='word_1_330' title='bbox 818 2958 916 3014; x_wconf 78' lang='lat' dir='ltr'>uetusti</span> <span class='ocrx_word' id='word_1_331' title='bbox 926 2957 1015 3015; x_wconf 89' lang='lat' dir='ltr'>lonies</span> <span class='ocrx_word' id='word_1_332' title='bbox 1028 2957 1148 3029; x_wconf 82' lang='lat' dir='ltr'>ejusdem</span> <span class='ocrx_word' id='word_1_333' title='bbox 1155 2957 1227 3030; x_wconf 78' lang='lat' dir='ltr'>iuris</span> <span class='ocrx_word' id='word_1_334' title='bbox 1237 2958 1377 3030; x_wconf 88' lang='lat' dir='ltr'>patebunt.</span> 
     </span>
    </p>
   </div>
   <div class='ocr_carea' id='block_1_7' title="bbox 168 3035 1804 3217">
    <p class='ocr_par' dir='ltr' id='par_1_11' title="bbox 168 3035 1804 3217">
     <span class='ocr_line' id='line_1_28' title="bbox 203 3035 1804 3130; baseline 0.009 -24"><span class='ocrx_word' id='word_1_335' title='bbox 203 3052 413 3109; x_wconf 80' lang='lat' dir='ltr'>bissertationes</span> <span class='ocrx_word' id='word_1_336' title='bbox 426 3050 531 3108; x_wconf 89' lang='lat' dir='ltr'>tandem</span> <span class='ocrx_word' id='word_1_337' title='bbox 544 3035 682 3120; x_wconf 71' lang='lat' dir='ltr'>onerent</span> <span class='ocrx_word' id='word_1_338' title='bbox 703 3052 731 3108; x_wconf 90' lang='lat' dir='ltr'>lu</span> <span class='ocrx_word' id='word_1_339' title='bbox 755 3053 891 3112; x_wconf 89' lang='lat' dir='ltr'>laudatam</span> <span class='ocrx_word' id='word_1_340' title='bbox 915 3053 1102 3115; x_wconf 89' lang='lat' dir='ltr'>collectionem</span> <span class='ocrx_word' id='word_1_341' title='bbox 1121 3071 1255 3115; x_wconf 76' lang='lat' dir='ltr'>munuum</span> <span class='ocrx_word' id='word_1_342' title='bbox 1268 3058 1296 3116; x_wconf 90' lang='lat' dir='ltr'>in</span> <span class='ocrx_word' id='word_1_343' title='bbox 1314 3058 1368 3118; x_wconf 89' lang='lat' dir='ltr'>llos</span> <span class='ocrx_word' id='word_1_344' title='bbox 1385 3059 1529 3130; x_wconf 80' lang='lat' dir='ltr'>addenda.</span> <span class='ocrx_word' id='word_1_345' title='bbox 1543 3063 1654 3121; x_wconf 76' lang='lat' dir='ltr'>muntia</span> <span class='ocrx_word' id='word_1_346' title='bbox 1666 3076 1701 3122; x_wconf 86' lang='lat' dir='ltr'>ac</span> <span class='ocrx_word' id='word_1_347' title='bbox 1713 3062 1804 3121; x_wconf 86' lang='lat' dir='ltr'>obses·</span> 
     </span>
     <span class='ocr_line' id='line_1_29' title="bbox 168 3143 1204 3217; baseline 0.006 -19"><span class='ocrx_word' id='word_1_348' title='bbox 168 3145 320 3201; x_wconf 72' lang='lat' dir='ltr'>rationibus</span> <span class='ocrx_word' id='word_1_349' title='bbox 334 3144 368 3201; x_wconf 88' lang='lat' dir='ltr'>ad</span> <span class='ocrx_word' id='word_1_350' title='bbox 380 3144 471 3200; x_wconf 91' lang='lat' dir='ltr'>crisim</span> <span class='ocrx_word' id='word_1_351' title='bbox 486 3143 644 3200; x_wconf 73' lang='lat' dir='ltr'>revocandae</span> <span class='ocrx_word' id='word_1_352' title='bbox 656 3143 774 3202; x_wconf 76' lang='lat' dir='ltr'>fuerunt</span> <span class='ocrx_word' id='word_1_353' title='bbox 794 3145 857 3202; x_wconf 77' lang='lat' dir='ltr'>tine</span> <span class='ocrx_word' id='word_1_354' title='bbox 868 3147 1066 3217; x_wconf 70' lang='lat' dir='ltr'>praemonuisse</span> <span class='ocrx_word' id='word_1_355' title='bbox 1078 3146 1204 3205; x_wconf 77' lang='lat' dir='ltr'>sufficiat,</span> 
     </span>
    </p>
   </div>
   <div class='ocr_carea' id='block_1_8' title="bbox 1725 3310 1805 3320">
    <p class='ocr_par' dir='ltr' id='par_1_12' title="bbox 1725 3310 1805 3320">
     <span class='ocr_line' id='line_1_30' title="bbox 1725 3310 1805 3320; baseline 0.013 -1"><span class='ocrx_word' id='word_1_356' title='bbox 1725 3310 1805 3320; x_wconf 31' lang='lat' dir='ltr'>*tn--x</span> 
     </span>
    </p>
   </div>
   <div class='ocr_carea' id='block_1_9' title="bbox 258 3346 1717 3466">
    <p class='ocr_par' dir='ltr' id='par_1_13' title="bbox 258 3346 1717 3466">
     <span class='ocr_line' id='line_1_31' title="bbox 258 3346 1717 3466; baseline 0.001 -2"><span class='ocrx_word' id='word_1_357' title='bbox 258 3399 314 3464; x_wconf 84' lang='lat' dir='ltr'>su</span> <span class='ocrx_word' id='word_1_358' title='bbox 333 3395 678 3463; x_wconf 77' lang='lat' dir='ltr'>sttttttsuttsststtill</span> <span class='ocrx_word' id='word_1_359' title='bbox 699 3346 974 3460; x_wconf 74' lang='lat' dir='ltr'>Foltttlltltdtilt</span> <span class='ocrx_word' id='word_1_360' title='bbox 991 3395 1260 3460; x_wconf 78' lang='lat' dir='ltr'>usueumnuu</span> <span class='ocrx_word' id='word_1_361' title='bbox 1281 3396 1313 3460; x_wconf 88' lang='lat' dir='ltr'>S.</span> <span class='ocrx_word' id='word_1_362' title='bbox 1334 3398 1372 3461; x_wconf 82' lang='lat' dir='ltr'>ll.</span> <span class='ocrx_word' id='word_1_363' title='bbox 1395 3398 1433 3461; x_wconf 80' lang='grc' dir='ltr'>Ε.</span> <span class='ocrx_word' id='word_1_364' title='bbox 1456 3398 1717 3466; x_wconf 75' lang='lat' dir='ltr'>cenomannis</span> 
     </span>
    </p>
   </div>
   <div class='ocr_carea' id='block_1_10' title="bbox 709 3536 1267 3670">
    <p class='ocr_par' dir='ltr' id='par_1_14' title="bbox 709 3536 1267 3670">
     <span class='ocr_line' id='line_1_32' title="bbox 709 3536 1267 3670; baseline 0.004 -6"><span class='ocrx_word' id='word_1_365' title='bbox 709 3536 1267 3670; x_wconf 85' lang='lat' dir='ltr'><strong>PRAEFATIO.</strong></span> 
     </span>
    </p>
   </div>
   <div class='ocr_carea' id='block_1_11' title="bbox 205 3842 1805 3927">
    <p class='ocr_par' dir='ltr' id='par_1_15' title="bbox 205 3842 1805 3927">
     <span class='ocr_line' id='line_1_33' title="bbox 205 3842 1805 3927; baseline 0.009 -29"><span class='ocrx_word' id='word_1_366' title='bbox 205 3842 383 3911; x_wconf 83' lang='lat' dir='ltr'>Quautsmad</span> <span class='ocrx_word' id='word_1_367' title='bbox 399 3843 498 3900; x_wconf 88' lang='lat' dir='ltr'>reteris</span> <span class='ocrx_word' id='word_1_368' title='bbox 508 3843 703 3917; x_wconf 78' lang='lat' dir='ltr'>noriqneloris</span> <span class='ocrx_word' id='word_1_369' title='bbox 713 3843 836 3901; x_wconf 78' lang='lat' dir='ltr'>moonici</span> <span class='ocrx_word' id='word_1_370' title='bbox 851 3844 992 3903; x_wconf 86' lang='lat' dir='ltr'>scientiam</span> <span class='ocrx_word' id='word_1_371' title='bbox 1008 3848 1147 3903; x_wconf 78' lang='lat' dir='ltr'>conterant</span> <span class='ocrx_word' id='word_1_372' title='bbox 1160 3847 1277 3918; x_wconf 79' lang='lat' dir='ltr'>antique</span> <span class='ocrx_word' id='word_1_373' title='bbox 1289 3862 1422 3905; x_wconf 91' lang='lat' dir='ltr'>canonum</span> <span class='ocrx_word' id='word_1_374' title='bbox 1431 3849 1616 3923; x_wconf 84' lang='lat' dir='ltr'>collectiones,</span> <span class='ocrx_word' id='word_1_375' title='bbox 1632 3868 1694 3927; x_wconf 77' lang='lat' dir='ltr'>que</span> <span class='ocrx_word' id='word_1_376' title='bbox 1710 3856 1735 3910; x_wconf 93' lang='lat' dir='ltr'>in</span> <span class='ocrx_word' id='word_1_377' title='bbox 1748 3872 1805 3913; x_wconf 86' lang='lat' dir='ltr'>ma·</span> 
     </span>
    </p>
   </div>
   <div class='ocr_carea' id='block_1_12' title="bbox 56 3933 1807 4021">
    <p class='ocr_par' dir='ltr' id='par_1_16' title="bbox 56 3933 1807 4021">
     <span class='ocr_line' id='line_1_34' title="bbox 56 3933 1807 4021; baseline 0.01 -32"><span class='ocrx_word' id='word_1_378' title='bbox 56 3956 60 3965; x_wconf 93' lang='lat'>·</span> <span class='ocrx_word' id='word_1_379' title='bbox 168 3934 317 4004; x_wconf 75' lang='lat' dir='ltr'>nmeriptis</span> <span class='ocrx_word' id='word_1_380' title='bbox 326 3933 524 4004; x_wconf 77' lang='lat' dir='ltr'>exemplaribus</span> <span class='ocrx_word' id='word_1_381' title='bbox 536 3935 717 4002; x_wconf 91' lang='lat' dir='ltr'>continentur,</span> <span class='ocrx_word' id='word_1_382' title='bbox 734 3946 833 3992; x_wconf 90' lang='lat' dir='ltr'>norunt</span> <span class='ocrx_word' id='word_1_383' title='bbox 847 3938 1000 4010; x_wconf 87' lang='lat' dir='ltr'>quicunqne</span> <span class='ocrx_word' id='word_1_384' title='bbox 1020 3938 1047 3995; x_wconf 91' lang='lat' dir='ltr'>in</span> <span class='ocrx_word' id='word_1_385' title='bbox 1061 3939 1124 4010; x_wconf 86' lang='lat' dir='ltr'>jure</span> <span class='ocrx_word' id='word_1_386' title='bbox 1134 3939 1266 3997; x_wconf 82' lang='lat' dir='ltr'>canonico</span> <span class='ocrx_word' id='word_1_387' title='bbox 1278 3948 1340 3997; x_wconf 85' lang='lat' dir='ltr'>som</span> <span class='ocrx_word' id='word_1_388' title='bbox 1350 3942 1473 4014; x_wconf 89' lang='lat' dir='ltr'>apprime</span> <span class='ocrx_word' id='word_1_389' title='bbox 1484 3946 1596 4013; x_wconf 82' lang='lat' dir='ltr'>versati,</span> <span class='ocrx_word' id='word_1_390' title='bbox 1610 3962 1642 4004; x_wconf 94' lang='lat' dir='ltr'>ac</span> <span class='ocrx_word' id='word_1_391' title='bbox 1656 3958 1684 4006; x_wconf 92' lang='grc' dir='ltr'>ιιι</span> <span class='ocrx_word' id='word_1_392' title='bbox 1694 3966 1807 4021; x_wconf 76' lang='lat' dir='ltr'>prescr-</span> 
     </span>
    </p>
   </div>
   <div class='ocr_carea' id='block_1_13' title="bbox 169 4026 1891 5681">
    <p class='ocr_par' dir='ltr' id='par_1_17' title="bbox 169 4026 1891 5023">
     <span class='ocr_line' id='line_1_35' title="bbox 169 4026 1807 4108; baseline 0.01 -26"><span class='ocrx_word' id='word_1_393' title='bbox 169 4029 219 4083; x_wconf 91' lang='lat' dir='ltr'>tim</span> <span class='ocrx_word' id='word_1_394' title='bbox 232 4028 320 4091; x_wconf 84' lang='lat' dir='ltr'>noris‚</span> <span class='ocrx_word' id='word_1_395' title='bbox 332 4026 478 4083; x_wconf 88' lang='lat' dir='ltr'>cardinalis</span> <span class='ocrx_word' id='word_1_396' title='bbox 494 4026 707 4108; x_wconf 84' lang='lat' dir='ltr'>eminentissime</span> <span class='ocrx_word' id='word_1_397' title='bbox 719 4069 727 4094; x_wconf 91' lang='lat'><strong>‚</strong></span> <span class='ocrx_word' id='word_1_398' title='bbox 739 4029 785 4100; x_wconf 90' lang='lat' dir='ltr'>qui</span> <span class='ocrx_word' id='word_1_399' title='bbox 806 4030 877 4087; x_wconf 90' lang='lat' dir='ltr'>inter</span> <span class='ocrx_word' id='word_1_400' title='bbox 897 4044 974 4087; x_wconf 90' lang='lat' dir='ltr'>sacra</span> <span class='ocrx_word' id='word_1_401' title='bbox 990 4032 1096 4098; x_wconf 83' lang='lat' dir='ltr'>studia,</span> <span class='ocrx_word' id='word_1_402' title='bbox 1114 4032 1142 4089; x_wconf 91' lang='lat' dir='ltr'>iu</span> <span class='ocrx_word' id='word_1_403' title='bbox 1157 4032 1255 4104; x_wconf 91' lang='lat' dir='ltr'>quibus</span> <span class='ocrx_word' id='word_1_404' title='bbox 1269 4035 1350 4089; x_wconf 85' lang='lat' dir='ltr'>sitam</span> <span class='ocrx_word' id='word_1_405' title='bbox 1364 4042 1448 4091; x_wconf 90' lang='lat' dir='ltr'>totam</span> <span class='ocrx_word' id='word_1_406' title='bbox 1463 4039 1579 4095; x_wconf 82' lang='lat' dir='ltr'>maxima</span> <span class='ocrx_word' id='word_1_407' title='bbox 1589 4054 1649 4096; x_wconf 91' lang='lat' dir='ltr'>cum</span> <span class='ocrx_word' id='word_1_408' title='bbox 1664 4040 1743 4098; x_wconf 84' lang='lat' dir='ltr'>lande</span> <span class='ocrx_word' id='word_1_409' title='bbox 1754 4051 1807 4097; x_wconf 89' lang='lat' dir='ltr'>tra·</span> 
     </span>
     <span class='ocr_line' id='line_1_36' title="bbox 169 4118 1807 4196; baseline 0.01 -23"><span class='ocrx_word' id='word_1_410' title='bbox 169 4118 283 4186; x_wconf 76' lang='lat' dir='ltr'>dusbti,</span> <span class='ocrx_word' id='word_1_411' title='bbox 294 4119 355 4188; x_wconf 78' lang='lat' dir='ltr'>jure</span> <span class='ocrx_word' id='word_1_412' title='bbox 371 4118 503 4174; x_wconf 88' lang='lat' dir='ltr'>canonico</span> <span class='ocrx_word' id='word_1_413' title='bbox 517 4120 688 4189; x_wconf 88' lang='lat' dir='ltr'>potissimum</span> <span class='ocrx_word' id='word_1_414' title='bbox 706 4118 861 4177; x_wconf 85' lang='lat' dir='ltr'>delectaris.</span> <span class='ocrx_word' id='word_1_415' title='bbox 876 4121 966 4179; x_wconf 80' lang='lat' dir='ltr'>Probe</span> <span class='ocrx_word' id='word_1_416' title='bbox 980 4122 1107 4180; x_wconf 82' lang='lat' dir='ltr'>nintirum</span> <span class='ocrx_word' id='word_1_417' title='bbox 1125 4123 1255 4196; x_wconf 73' lang='lat' dir='ltr'>intelligis</span> <span class='ocrx_word' id='word_1_418' title='bbox 1271 4125 1321 4181; x_wconf 89' lang='lat' dir='ltr'>bas</span> <span class='ocrx_word' id='word_1_419' title='bbox 1343 4126 1518 4184; x_wconf 77' lang='lat' dir='ltr'>collectiones</span> <span class='ocrx_word' id='word_1_420' title='bbox 1528 4129 1589 4188; x_wconf 84' lang='lat' dir='ltr'>iilos</span> <span class='ocrx_word' id='word_1_421' title='bbox 1601 4144 1661 4187; x_wconf 88' lang='lat' dir='ltr'>esse</span> <span class='ocrx_word' id='word_1_422' title='bbox 1673 4130 1760 4189; x_wconf 85' lang='lat' dir='ltr'>iontcs</span> <span class='ocrx_word' id='word_1_423' title='bbox 1772 4147 1807 4190; x_wconf 90' lang='lat' dir='ltr'>ex</span> 
     </span>
     <span class='ocr_line' id='line_1_37' title="bbox 170 4208 1808 4298; baseline 0.013 -35"><span class='ocrx_word' id='word_1_424' title='bbox 170 4208 269 4281; x_wconf 90' lang='lat' dir='ltr'>quibus</span> <span class='ocrx_word' id='word_1_425' title='bbox 282 4216 385 4267; x_wconf 82' lang='lat' dir='ltr'>retuma</span> <span class='ocrx_word' id='word_1_426' title='bbox 406 4222 538 4265; x_wconf 90' lang='lat' dir='ltr'>canonum</span> <span class='ocrx_word' id='word_1_427' title='bbox 550 4220 580 4265; x_wconf 91' lang='lat' dir='ltr'>et</span> <span class='ocrx_word' id='word_1_428' title='bbox 600 4211 795 4279; x_wconf 89' lang='lat' dir='ltr'>pontilicisrom</span> <span class='ocrx_word' id='word_1_429' title='bbox 816 4214 1040 4271; x_wconf 84' lang='lat' dir='ltr'>constitutionum</span> <span class='ocrx_word' id='word_1_430' title='bbox 1056 4216 1219 4272; x_wconf 89' lang='lat' dir='ltr'>documenta</span> <span class='ocrx_word' id='word_1_431' title='bbox 1235 4217 1401 4287; x_wconf 89' lang='lat' dir='ltr'>prodierunt.</span> <span class='ocrx_word' id='word_1_432' title='bbox 1425 4220 1554 4294; x_wconf 81' lang='lat' dir='ltr'>lntelliqis</span> <span class='ocrx_word' id='word_1_433' title='bbox 1574 4215 1701 4294; x_wconf 75' lang='lat' dir='ltr'>praeieuea</span> <span class='ocrx_word' id='word_1_434' title='bbox 1723 4228 1808 4298; x_wconf 88' lang='lat' dir='ltr'>pluris</span> 
     </span>
     <span class='ocr_line' id='line_1_38' title="bbox 169 4299 1808 4381; baseline 0.012 -24"><span class='ocrx_word' id='word_1_435' title='bbox 169 4315 233 4357; x_wconf 91' lang='lat' dir='ltr'>osse</span> <span class='ocrx_word' id='word_1_436' title='bbox 253 4300 440 4357; x_wconf 69' lang='lat' dir='ltr'>estimandum</span> <span class='ocrx_word' id='word_1_437' title='bbox 461 4299 525 4370; x_wconf 91' lang='lat' dir='ltr'>quid</span> <span class='ocrx_word' id='word_1_438' title='bbox 547 4300 670 4369; x_wconf 78' lang='lat' dir='ltr'>diverse,</span> <span class='ocrx_word' id='word_1_439' title='bbox 688 4302 754 4359; x_wconf 89' lang='lat' dir='ltr'>lieet</span> <span class='ocrx_word' id='word_1_440' title='bbox 775 4319 878 4375; x_wconf 77' lang='lat' dir='ltr'>pauca,</span> <span class='ocrx_word' id='word_1_441' title='bbox 898 4306 1074 4364; x_wconf 87' lang='lat' dir='ltr'>collectiones</span> <span class='ocrx_word' id='word_1_442' title='bbox 1095 4308 1192 4374; x_wconf 75' lang='lat' dir='ltr'>imant,</span> <span class='ocrx_word' id='word_1_443' title='bbox 1216 4325 1296 4380; x_wconf 88' lang='lat' dir='ltr'>quam</span> <span class='ocrx_word' id='word_1_444' title='bbox 1319 4310 1383 4381; x_wconf 90' lang='lat' dir='ltr'>qnid</span> <span class='ocrx_word' id='word_1_445' title='bbox 1406 4313 1522 4381; x_wconf 75' lang='lat' dir='ltr'>plurima</span> <span class='ocrx_word' id='word_1_446' title='bbox 1539 4316 1620 4373; x_wconf 86' lang='lat' dir='ltr'>unius</span> <span class='ocrx_word' id='word_1_447' title='bbox 1641 4318 1808 4377; x_wconf 88' lang='lat' dir='ltr'>collectionis</span> 
     </span>
     <span class='ocr_line' id='line_1_39' title="bbox 170 4392 1807 4479; baseline 0.011 -29"><span class='ocrx_word' id='word_1_448' title='bbox 170 4394 309 4463; x_wconf 89' lang='lat' dir='ltr'>exempla.</span> <span class='ocrx_word' id='word_1_449' title='bbox 331 4392 360 4450; x_wconf 85' lang='lat' dir='ltr'>Si</span> <span class='ocrx_word' id='word_1_450' title='bbox 373 4393 434 4463; x_wconf 88' lang='lat' dir='ltr'>quis</span> <span class='ocrx_word' id='word_1_451' title='bbox 445 4394 518 4450; x_wconf 91' lang='lat' dir='ltr'>enim</span> <span class='ocrx_word' id='word_1_452' title='bbox 532 4404 638 4450; x_wconf 88' lang='lat' dir='ltr'>centum</span> <span class='ocrx_word' id='word_1_453' title='bbox 651 4434 659 4461; x_wconf 92' lang='lat'>,</span> <span class='ocrx_word' id='word_1_454' title='bbox 671 4410 716 4451; x_wconf 88' lang='lat' dir='ltr'>es.</span> <span class='ocrx_word' id='word_1_455' title='bbox 728 4411 783 4466; x_wconf 76' lang='lat' dir='ltr'>qn,</span> <span class='ocrx_word' id='word_1_456' title='bbox 796 4396 965 4470; x_wconf 75' lang='lat' dir='ltr'>Dionysiana</span> <span class='ocrx_word' id='word_1_457' title='bbox 979 4399 1148 4456; x_wconf 89' lang='lat' dir='ltr'>collectionis</span> <span class='ocrx_word' id='word_1_458' title='bbox 1162 4410 1283 4458; x_wconf 81' lang='lat' dir='ltr'>vetustos</span> <span class='ocrx_word' id='word_1_459' title='bbox 1300 4402 1408 4459; x_wconf 91' lang='lat' dir='ltr'>codices</span> <span class='ocrx_word' id='word_1_460' title='bbox 1427 4406 1558 4472; x_wconf 85' lang='lat' dir='ltr'>reperiret</span> <span class='ocrx_word' id='word_1_461' title='bbox 1572 4416 1600 4463; x_wconf 89' lang='lat' dir='ltr'>et</span> <span class='ocrx_word' id='word_1_462' title='bbox 1613 4409 1748 4468; x_wconf 80' lang='lat' dir='ltr'>evolveret</span> <span class='ocrx_word' id='word_1_463' title='bbox 1761 4412 1807 4479; x_wconf 88' lang='lat' dir='ltr'>,is</span> 
     </span>
     <span class='ocr_line' id='line_1_40' title="bbox 172 4484 1807 4571; baseline 0.009 -30"><span class='ocrx_word' id='word_1_464' title='bbox 172 4486 246 4541; x_wconf 89' lang='lat' dir='ltr'>nulls</span> <span class='ocrx_word' id='word_1_465' title='bbox 269 4484 320 4541; x_wconf 86' lang='lat' dir='ltr'>slis</span> <span class='ocrx_word' id='word_1_466' title='bbox 347 4493 520 4541; x_wconf 83' lang='lat' dir='ltr'>monuments</span> <span class='ocrx_word' id='word_1_467' title='bbox 539 4485 668 4541; x_wconf 78' lang='lat' dir='ltr'>mnonlea</span> <span class='ocrx_word' id='word_1_468' title='bbox 691 4487 909 4558; x_wconf 79' lang='lat' dir='ltr'>nanscisceretur,</span> <span class='ocrx_word' id='word_1_469' title='bbox 930 4489 981 4545; x_wconf 87' lang='lat' dir='ltr'>nisi</span> <span class='ocrx_word' id='word_1_470' title='bbox 1002 4503 1062 4561; x_wconf 81' lang='lat' dir='ltr'>qne</span> <span class='ocrx_word' id='word_1_471' title='bbox 1078 4490 1221 4563; x_wconf 76' lang='lat' dir='ltr'>bionpsius</span> <span class='ocrx_word' id='word_1_472' title='bbox 1240 4491 1358 4562; x_wconf 85' lang='lat' dir='ltr'>recepit:</span> <span class='ocrx_word' id='word_1_473' title='bbox 1372 4501 1400 4547; x_wconf 90' lang='lat' dir='ltr'>et</span> <span class='ocrx_word' id='word_1_474' title='bbox 1413 4492 1441 4547; x_wconf 92' lang='lat' dir='ltr'>in</span> <span class='ocrx_word' id='word_1_475' title='bbox 1458 4492 1500 4549; x_wconf 87' lang='lat' dir='ltr'>bis</span> <span class='ocrx_word' id='word_1_476' title='bbox 1511 4495 1575 4566; x_wconf 84' lang='lat' dir='ltr'>ipsis</span> <span class='ocrx_word' id='word_1_477' title='bbox 1590 4494 1623 4571; x_wconf 84' lang='lat' dir='ltr'>(si</span> <span class='ocrx_word' id='word_1_478' title='bbox 1634 4496 1807 4560; x_wconf 86' lang='lat' dir='ltr'>librariorum</span> 
     </span>
     <span class='ocr_line' id='line_1_41' title="bbox 170 4570 1808 4671; baseline 0.008 -34"><span class='ocrx_word' id='word_1_479' title='bbox 170 4580 341 4649; x_wconf 73' lang='lat' dir='ltr'>excipiantur</span> <span class='ocrx_word' id='word_1_480' title='bbox 354 4579 463 4649; x_wconf 87' lang='lat' dir='ltr'>menda)</span> <span class='ocrx_word' id='word_1_481' title='bbox 478 4570 574 4634; x_wconf 72' lang='lat' dir='ltr'>miram</span> <span class='ocrx_word' id='word_1_482' title='bbox 589 4579 645 4637; x_wconf 86' lang='lat' dir='ltr'>iere</span> <span class='ocrx_word' id='word_1_483' title='bbox 656 4578 802 4636; x_wconf 88' lang='lat' dir='ltr'>lectionum</span> <span class='ocrx_word' id='word_1_484' title='bbox 814 4582 1024 4640; x_wconf 87' lang='lat' dir='ltr'>consensionem</span> <span class='ocrx_word' id='word_1_485' title='bbox 1038 4582 1264 4655; x_wconf 78' lang='lat' dir='ltr'>deprehendens,</span> <span class='ocrx_word' id='word_1_486' title='bbox 1276 4583 1342 4640; x_wconf 83' lang='lat' dir='ltr'>nibil</span> <span class='ocrx_word' id='word_1_487' title='bbox 1356 4587 1431 4644; x_wconf 87' lang='lat' dir='ltr'>aliud</span> <span class='ocrx_word' id='word_1_488' title='bbox 1441 4587 1573 4657; x_wconf 84' lang='lat' dir='ltr'>disceret,</span> <span class='ocrx_word' id='word_1_489' title='bbox 1588 4591 1639 4649; x_wconf 86' lang='lat' dir='ltr'>nisi</span> <span class='ocrx_word' id='word_1_490' title='bbox 1653 4593 1694 4649; x_wconf 85' lang='lat' dir='ltr'>sic</span> <span class='ocrx_word' id='word_1_491' title='bbox 1709 4595 1808 4671; x_wconf 73' lang='lat' dir='ltr'>llipny·</span> 
     </span>
     <span class='ocr_line' id='line_1_42' title="bbox 170 4669 1808 4748; baseline 0.007 -19"><span class='ocrx_word' id='word_1_492' title='bbox 170 4673 241 4729; x_wconf 92' lang='lat' dir='ltr'>sinm</span> <span class='ocrx_word' id='word_1_493' title='bbox 252 4669 361 4741; x_wconf 69' lang='lat' dir='ltr'>legisse.</span> <span class='ocrx_word' id='word_1_494' title='bbox 376 4670 427 4740; x_wconf 73' lang='lat' dir='ltr'>Qpi</span> <span class='ocrx_word' id='word_1_495' title='bbox 440 4679 529 4725; x_wconf 88' lang='lat' dir='ltr'>autem</span> <span class='ocrx_word' id='word_1_496' title='bbox 540 4669 709 4727; x_wconf 80' lang='lat' dir='ltr'>diuersarum</span> <span class='ocrx_word' id='word_1_497' title='bbox 728 4671 916 4727; x_wconf 80' lang='lat' dir='ltr'>collectionum</span> <span class='ocrx_word' id='word_1_498' title='bbox 929 4673 1054 4744; x_wconf 88' lang='lat' dir='ltr'>exempla</span> <span class='ocrx_word' id='word_1_499' title='bbox 1068 4675 1252 4742; x_wconf 87' lang='lat' dir='ltr'>consuluerit,</span> <span class='ocrx_word' id='word_1_500' title='bbox 1267 4677 1319 4732; x_wconf 88' lang='lat' dir='ltr'>alis</span> <span class='ocrx_word' id='word_1_501' title='bbox 1333 4686 1413 4748; x_wconf 89' lang='lat' dir='ltr'>atque</span> <span class='ocrx_word' id='word_1_502' title='bbox 1424 4679 1476 4732; x_wconf 83' lang='lat' dir='ltr'>aia</span> <span class='ocrx_word' id='word_1_503' title='bbox 1488 4678 1632 4736; x_wconf 87' lang='lat' dir='ltr'>identidem</span> <span class='ocrx_word' id='word_1_504' title='bbox 1646 4682 1808 4741; x_wconf 89' lang='lat' dir='ltr'>documenta</span> 
     </span>
     <span class='ocr_line' id='line_1_43' title="bbox 171 4764 1891 4850; baseline 0.009 -27"><span class='ocrx_word' id='word_1_505' title='bbox 171 4768 306 4832; x_wconf 70' lang='lat' dir='ltr'>inveniet:</span> <span class='ocrx_word' id='word_1_506' title='bbox 321 4781 353 4823; x_wconf 90' lang='lat' dir='ltr'>ac</span> <span class='ocrx_word' id='word_1_507' title='bbox 364 4766 392 4821; x_wconf 92' lang='lat' dir='ltr'>in</span> <span class='ocrx_word' id='word_1_508' title='bbox 405 4764 573 4822; x_wconf 85' lang='lat' dir='ltr'>documentis</span> <span class='ocrx_word' id='word_1_509' title='bbox 587 4781 646 4835; x_wconf 79' lang='lat' dir='ltr'>quar</span> <span class='ocrx_word' id='word_1_510' title='bbox 664 4766 787 4836; x_wconf 84' lang='lat' dir='ltr'>pluribus</span> <span class='ocrx_word' id='word_1_511' title='bbox 802 4767 1009 4826; x_wconf 75' lang='lat' dir='ltr'>collectionibus</span> <span class='ocrx_word' id='word_1_512' title='bbox 1021 4773 1172 4829; x_wconf 85' lang='lat' dir='ltr'>communia</span> <span class='ocrx_word' id='word_1_513' title='bbox 1190 4783 1253 4830; x_wconf 88' lang='lat' dir='ltr'>sunt</span> <span class='ocrx_word' id='word_1_514' title='bbox 1267 4774 1389 4832; x_wconf 84' lang='lat' dir='ltr'>diuersas</span> <span class='ocrx_word' id='word_1_515' title='bbox 1402 4776 1531 4834; x_wconf 91' lang='lat' dir='ltr'>lectiones</span> <span class='ocrx_word' id='word_1_516' title='bbox 1546 4788 1651 4847; x_wconf 80' lang='lat' dir='ltr'>uarius,</span> <span class='ocrx_word' id='word_1_517' title='bbox 1663 4780 1808 4850; x_wconf 90' lang='lat' dir='ltr'>plurimum</span> <span class='ocrx_word' id='word_1_518' title='bbox 1890 4778 1891 4783; x_wconf 69' lang='grc'>’</span> 
     </span>
     <span class='ocr_line' id='line_1_44' title="bbox 170 4858 1808 4940; baseline 0.009 -24"><span class='ocrx_word' id='word_1_519' title='bbox 170 4872 203 4916; x_wconf 91' lang='lat' dir='ltr'>se</span> <span class='ocrx_word' id='word_1_520' title='bbox 212 4859 299 4929; x_wconf 81' lang='lat' dir='ltr'>jurari</span> <span class='ocrx_word' id='word_1_521' title='bbox 311 4863 422 4926; x_wconf 87' lang='lat' dir='ltr'>sentiet,</span> <span class='ocrx_word' id='word_1_522' title='bbox 438 4867 494 4914; x_wconf 89' lang='lat' dir='ltr'>tum</span> <span class='ocrx_word' id='word_1_523' title='bbox 504 4865 534 4912; x_wconf 89' lang='lat' dir='ltr'>nt</span> <span class='ocrx_word' id='word_1_524' title='bbox 543 4858 627 4914; x_wconf 92' lang='lat' dir='ltr'>tutius</span> <span class='ocrx_word' id='word_1_525' title='bbox 636 4858 763 4916; x_wconf 88' lang='lat' dir='ltr'>emendet</span> <span class='ocrx_word' id='word_1_526' title='bbox 776 4861 980 4919; x_wconf 86' lang='lat' dir='ltr'>amanuensium</span> <span class='ocrx_word' id='word_1_527' title='bbox 990 4864 1154 4937; x_wconf 74' lang='lat' dir='ltr'>sphalmata,</span> <span class='ocrx_word' id='word_1_528' title='bbox 1165 4874 1222 4921; x_wconf 89' lang='lat' dir='ltr'>tum</span> <span class='ocrx_word' id='word_1_529' title='bbox 1235 4875 1265 4922; x_wconf 89' lang='lat' dir='ltr'>nt</span> <span class='ocrx_word' id='word_1_530' title='bbox 1273 4880 1309 4923; x_wconf 91' lang='lat' dir='ltr'>ex</span> <span class='ocrx_word' id='word_1_531' title='bbox 1318 4869 1445 4926; x_wconf 91' lang='lat' dir='ltr'>omnibus</span> <span class='ocrx_word' id='word_1_532' title='bbox 1454 4873 1570 4940; x_wconf 72' lang='lat' dir='ltr'>optimas</span> <span class='ocrx_word' id='word_1_533' title='bbox 1578 4871 1707 4931; x_wconf 78' lang='lat' dir='ltr'>lectioms</span> <span class='ocrx_word' id='word_1_534' title='bbox 1718 4888 1808 4930; x_wconf 89' lang='lat' dir='ltr'>secer·</span> 
     </span>
     <span class='ocr_line' id='line_1_45' title="bbox 171 4951 413 5023; baseline -0.012 -13"><span class='ocrx_word' id='word_1_535' title='bbox 171 4962 220 5010; x_wconf 87' lang='lat' dir='ltr'>nat</span> <span class='ocrx_word' id='word_1_536' title='bbox 232 4965 264 5008; x_wconf 90' lang='lat' dir='ltr'>ac</span> <span class='ocrx_word' id='word_1_537' title='bbox 278 4951 413 5023; x_wconf 84' lang='lat' dir='ltr'>prelerst.</span> 
     </span>
    </p>

    <p class='ocr_par' dir='ltr' id='par_1_18' title="bbox 171 5040 1807 5681">
     <span class='ocr_line' id='line_1_46' title="bbox 210 5040 1804 5130; baseline 0.008 -31"><span class='ocrx_word' id='word_1_538' title='bbox 210 5043 273 5099; x_wconf 76' lang='lat' dir='ltr'>iloe&#39;</span> <span class='ocrx_word' id='word_1_539' title='bbox 287 5052 391 5098; x_wconf 88' lang='lat' dir='ltr'>tantum</span> <span class='ocrx_word' id='word_1_540' title='bbox 405 5040 579 5098; x_wconf 87' lang='lat' dir='ltr'>collectiones</span> <span class='ocrx_word' id='word_1_541' title='bbox 592 5043 656 5098; x_wconf 92' lang='lat' dir='ltr'>olim</span> <span class='ocrx_word' id='word_1_542' title='bbox 670 5042 842 5114; x_wconf 89' lang='lat' dir='ltr'>prodierunt,</span> <span class='ocrx_word' id='word_1_543' title='bbox 855 5043 1136 5119; x_wconf 77' lang='lat' dir='ltr'>Dionysio-Hadriana</span> <span class='ocrx_word' id='word_1_544' title='bbox 1150 5058 1181 5105; x_wconf 85' lang='lat' dir='ltr'>ct</span> <span class='ocrx_word' id='word_1_545' title='bbox 1192 5049 1350 5108; x_wconf 87' lang='lat' dir='ltr'>isidoriana.</span> <span class='ocrx_word' id='word_1_546' title='bbox 1375 5050 1443 5110; x_wconf 84' lang='lat' dir='ltr'>Cum</span> <span class='ocrx_word' id='word_1_547' title='bbox 1456 5068 1490 5110; x_wconf 85' lang='lat' dir='ltr'>cs</span> <span class='ocrx_word' id='word_1_548' title='bbox 1510 5053 1561 5111; x_wconf 86' lang='lat' dir='ltr'>bac</span> <span class='ocrx_word' id='word_1_549' title='bbox 1574 5065 1721 5125; x_wconf 87' lang='lat' dir='ltr'>postrema,</span> <span class='ocrx_word' id='word_1_550' title='bbox 1733 5071 1804 5130; x_wconf 78' lang='lat' dir='ltr'>qnae,</span> 
     </span>
     <span class='ocr_line' id='line_1_47' title="bbox 172 5134 1807 5217; baseline 0.012 -27"><span class='ocrx_word' id='word_1_551' title='bbox 172 5146 271 5207; x_wconf 74' lang='lat' dir='ltr'>praeter</span> <span class='ocrx_word' id='word_1_552' title='bbox 288 5136 372 5190; x_wconf 90' lang='lat' dir='ltr'>multa</span> <span class='ocrx_word' id='word_1_553' title='bbox 385 5134 492 5204; x_wconf 89' lang='lat' dir='ltr'>spnria,</span> <span class='ocrx_word' id='word_1_554' title='bbox 505 5134 531 5188; x_wconf 91' lang='lat' dir='ltr'>in</span> <span class='ocrx_word' id='word_1_555' title='bbox 546 5134 613 5204; x_wconf 91' lang='lat' dir='ltr'>ipsis</span> <span class='ocrx_word' id='word_1_556' title='bbox 631 5136 745 5191; x_wconf 88' lang='lat' dir='ltr'>sinceris</span> <span class='ocrx_word' id='word_1_557' title='bbox 758 5135 926 5194; x_wconf 89' lang='lat' dir='ltr'>documentis</span> <span class='ocrx_word' id='word_1_558' title='bbox 941 5153 993 5195; x_wconf 90' lang='lat' dir='ltr'>non</span> <span class='ocrx_word' id='word_1_559' title='bbox 1009 5154 1126 5210; x_wconf 88' lang='lat' dir='ltr'>pancas,</span> <span class='ocrx_word' id='word_1_560' title='bbox 1140 5151 1171 5197; x_wconf 91' lang='lat' dir='ltr'>nt</span> <span class='ocrx_word' id='word_1_561' title='bbox 1185 5158 1234 5198; x_wconf 87' lang='lat' dir='ltr'>sno</span> <span class='ocrx_word' id='word_1_562' title='bbox 1254 5144 1315 5201; x_wconf 91' lang='lat' dir='ltr'>loeo</span> <span class='ocrx_word' id='word_1_563' title='bbox 1328 5145 1469 5217; x_wconf 86' lang='lat' dir='ltr'>dicemus,</span> <span class='ocrx_word' id='word_1_564' title='bbox 1483 5147 1624 5204; x_wconf 86' lang='lat' dir='ltr'>liberiores</span> <span class='ocrx_word' id='word_1_565' title='bbox 1638 5148 1765 5206; x_wconf 88' lang='lat' dir='ltr'>lectiones</span> <span class='ocrx_word' id='word_1_566' title='bbox 1778 5162 1807 5210; x_wconf 92' lang='lat' dir='ltr'>et</span> 
     </span>
     <span class='ocr_line' id='line_1_48' title="bbox 172 5222 1805 5312; baseline 0.013 -33"><span class='ocrx_word' id='word_1_567' title='bbox 172 5222 543 5280; x_wconf 78' lang='lat' dir='ltr'>arbitrariasemendationes</span> <span class='ocrx_word' id='word_1_568' title='bbox 555 5224 963 5297; x_wconf 56' lang='lat' dir='ltr'>emensasqueemensasque</span> <span class='ocrx_word' id='word_1_569' title='bbox 977 5243 1110 5286; x_wconf 77' lang='lat' dir='ltr'>munuum</span> <span class='ocrx_word' id='word_1_570' title='bbox 1123 5247 1155 5287; x_wconf 88' lang='lat' dir='ltr'>ac</span> <span class='ocrx_word' id='word_1_571' title='bbox 1168 5233 1343 5291; x_wconf 81' lang='lat' dir='ltr'>decretulum</span> <span class='ocrx_word' id='word_1_572' title='bbox 1357 5235 1546 5294; x_wconf 71' lang='lat' dir='ltr'>documenta&#39;a</span> <span class='ocrx_word' id='word_1_573' title='bbox 1561 5238 1675 5296; x_wconf 84' lang='lat' dir='ltr'>licriino</span> <span class='ocrx_word' id='word_1_574' title='bbox 1689 5244 1805 5312; x_wconf 86' lang='lat' dir='ltr'>primum</span> 
     </span>
     <span class='ocr_line' id='line_1_49' title="bbox 171 5315 1806 5393; baseline 0.012 -20"><span class='ocrx_word' id='word_1_575' title='bbox 171 5319 244 5373; x_wconf 75' lang='lat' dir='ltr'>adria</span> <span class='ocrx_word' id='word_1_576' title='bbox 259 5315 405 5386; x_wconf 86' lang='lat' dir='ltr'>luerint,ea</span> <span class='ocrx_word' id='word_1_577' title='bbox 419 5315 533 5373; x_wconf 90' lang='lat' dir='ltr'>subinde</span> <span class='ocrx_word' id='word_1_578' title='bbox 545 5316 571 5371; x_wconf 92' lang='lat' dir='ltr'>in</span> <span class='ocrx_word' id='word_1_579' title='bbox 583 5315 716 5374; x_wconf 86' lang='lat' dir='ltr'>editiones</span> <span class='ocrx_word' id='word_1_580' title='bbox 725 5320 899 5375; x_wconf 86' lang='lat' dir='ltr'>conciliorum</span> <span class='ocrx_word' id='word_1_581' title='bbox 911 5321 1085 5391; x_wconf 83' lang='lat' dir='ltr'>uansierunt,</span> <span class='ocrx_word' id='word_1_582' title='bbox 1101 5336 1134 5379; x_wconf 89' lang='lat' dir='ltr'>ae</span> <span class='ocrx_word' id='word_1_583' title='bbox 1147 5322 1258 5393; x_wconf 84' lang='lat' dir='ltr'>proinde</span> <span class='ocrx_word' id='word_1_584' title='bbox 1268 5326 1399 5384; x_wconf 89' lang='lat' dir='ltr'>lectiones</span> <span class='ocrx_word' id='word_1_585' title='bbox 1412 5328 1569 5385; x_wconf 91' lang='lat' dir='ltr'>eorumdem</span> <span class='ocrx_word' id='word_1_586' title='bbox 1581 5328 1806 5392; x_wconf 86' lang='lat' dir='ltr'>documentorum</span> 
     </span>
     <span class='ocr_line' id='line_1_50' title="bbox 174 5408 1806 5492; baseline 0.012 -29"><span class='ocrx_word' id='word_1_587' title='bbox 174 5410 265 5467; x_wconf 72' lang='lat' dir='ltr'>nunus</span> <span class='ocrx_word' id='word_1_588' title='bbox 277 5416 379 5466; x_wconf 59' lang='lat' dir='ltr'>exacta</span> <span class='ocrx_word' id='word_1_589' title='bbox 388 5408 468 5465; x_wconf 63' lang='lat' dir='ltr'>latius</span> <span class='ocrx_word' id='word_1_590' title='bbox 478 5408 628 5466; x_wconf 84' lang='lat' dir='ltr'>obtinuere.</span> <span class='ocrx_word' id='word_1_591' title='bbox 639 5408 713 5465; x_wconf 79' lang='lat' dir='ltr'>iuuit</span> <span class='ocrx_word' id='word_1_592' title='bbox 726 5426 778 5466; x_wconf 89' lang='lat' dir='ltr'>non</span> <span class='ocrx_word' id='word_1_593' title='bbox 789 5412 927 5467; x_wconf 87' lang='lat' dir='ltr'>modicum</span> <span class='ocrx_word' id='word_1_594' title='bbox 941 5413 1026 5470; x_wconf 82' lang='lat' dir='ltr'>editio</span> <span class='ocrx_word' id='word_1_595' title='bbox 1034 5415 1202 5471; x_wconf 87' lang='lat' dir='ltr'>collectionis</span> <span class='ocrx_word' id='word_1_596' title='bbox 1213 5416 1510 5488; x_wconf 79' lang='lat' dir='ltr'>Dionysio-liudrianas,</span> <span class='ocrx_word' id='word_1_597' title='bbox 1519 5436 1582 5491; x_wconf 82' lang='lat' dir='ltr'>qua</span> <span class='ocrx_word' id='word_1_598' title='bbox 1595 5435 1655 5492; x_wconf 89' lang='lat' dir='ltr'>post</span> <span class='ocrx_word' id='word_1_599' title='bbox 1663 5424 1806 5488; x_wconf 87' lang='lat' dir='ltr'>llerliunm</span> 
     </span>
     <span class='ocr_line' id='line_1_51' title="bbox 172 5497 1805 5585; baseline 0.013 -34"><span class='ocrx_word' id='word_1_600' title='bbox 172 5498 305 5568; x_wconf 84' lang='lat' dir='ltr'>impressa</span> <span class='ocrx_word' id='word_1_601' title='bbox 319 5497 379 5553; x_wconf 85' lang='lat' dir='ltr'>luit.</span> <span class='ocrx_word' id='word_1_602' title='bbox 394 5501 430 5554; x_wconf 83' lang='lat' dir='ltr'>st</span> <span class='ocrx_word' id='word_1_603' title='bbox 446 5507 623 5567; x_wconf 77' lang='lat' dir='ltr'>premensem</span> <span class='ocrx_word' id='word_1_604' title='bbox 637 5500 787 5569; x_wconf 78' lang='lat' dir='ltr'>quodltxee</span> <span class='ocrx_word' id='word_1_605' title='bbox 800 5500 884 5556; x_wconf 73' lang='lat' dir='ltr'>salitis</span> <span class='ocrx_word' id='word_1_606' title='bbox 895 5517 991 5570; x_wconf 82' lang='lat' dir='ltr'>purum</span> <span class='ocrx_word' id='word_1_607' title='bbox 1007 5503 1163 5576; x_wconf 80' lang='lat' dir='ltr'>llionysiuus</span> <span class='ocrx_word' id='word_1_608' title='bbox 1175 5519 1229 5560; x_wconf 92' lang='lat' dir='ltr'>non</span> <span class='ocrx_word' id='word_1_609' title='bbox 1246 5505 1370 5571; x_wconf 82' lang='lat' dir='ltr'>exbibet.</span> <span class='ocrx_word' id='word_1_610' title='bbox 1386 5511 1580 5583; x_wconf 70' lang='lat' dir='ltr'>permagnique</span> <span class='ocrx_word' id='word_1_611' title='bbox 1593 5515 1703 5571; x_wconf 84' lang='lat' dir='ltr'>interest</span> <span class='ocrx_word' id='word_1_612' title='bbox 1719 5517 1805 5585; x_wconf 87' lang='lat' dir='ltr'>scire,</span> 
     </span>
     <span class='ocr_line' id='line_1_52' title="bbox 171 5588 1804 5681; baseline 0.013 -38"><span class='ocrx_word' id='word_1_613' title='bbox 171 5595 238 5659; x_wconf 76' lang='lat' dir='ltr'>quid</span> <span class='ocrx_word' id='word_1_614' title='bbox 256 5588 406 5658; x_wconf 75' lang='lat' dir='ltr'>culpaverit</span> <span class='ocrx_word' id='word_1_615' title='bbox 423 5588 566 5660; x_wconf 82' lang='lat' dir='ltr'>illonysius</span> <span class='ocrx_word' id='word_1_616' title='bbox 576 5628 584 5652; x_wconf 85' lang='lat'>‚</span> <span class='ocrx_word' id='word_1_617' title='bbox 594 5588 712 5661; x_wconf 89' lang='lat' dir='ltr'>quidque</span> <span class='ocrx_word' id='word_1_618' title='bbox 729 5591 855 5665; x_wconf 78' lang='lat' dir='ltr'>ilionysin</span> <span class='ocrx_word' id='word_1_619' title='bbox 869 5594 1072 5664; x_wconf 88' lang='lat' dir='ltr'>superadditum</span> <span class='ocrx_word' id='word_1_620' title='bbox 1087 5594 1167 5654; x_wconf 86' lang='lat' dir='ltr'>luerit</span> <span class='ocrx_word' id='word_1_621' title='bbox 1178 5636 1188 5665; x_wconf 89' lang='lat'>,</span> <span class='ocrx_word' id='word_1_622' title='bbox 1200 5597 1260 5652; x_wconf 79' lang='lat' dir='ltr'>alin</span> <span class='ocrx_word' id='word_1_623' title='bbox 1272 5598 1363 5669; x_wconf 80' lang='lat' dir='ltr'>plumes</span> <span class='ocrx_word' id='word_1_624' title='bbox 1379 5600 1554 5663; x_wconf 86' lang='lat' dir='ltr'>collectiones</span> <span class='ocrx_word' id='word_1_625' title='bbox 1574 5607 1600 5662; x_wconf 91' lang='lat' dir='ltr'>ln</span> <span class='ocrx_word' id='word_1_626' title='bbox 1615 5609 1804 5681; x_wconf 91' lang='lat' dir='ltr'>manuscriptis</span> 
     </span>
    </p>
   </div>
   <div class='ocr_carea' id='block_1_14' title="bbox 172 5676 1804 5835">
    <p class='ocr_par' dir='ltr' id='par_1_19' title="bbox 172 5676 1804 5835">
     <span class='ocr_line' id='line_1_53' title="bbox 172 5676 1804 5835; baseline 0.017 -104"><span class='ocrx_word' id='word_1_627' title='bbox 172 5676 315 5737; x_wconf 75' lang='lat' dir='ltr'>codicibus</span> <span class='ocrx_word' id='word_1_628' title='bbox 326 5685 442 5833; x_wconf 46' lang='lat' dir='ltr'>elx&#39;stant,</span> <span class='ocrx_word' id='word_1_629' title='bbox 453 5692 523 5834; x_wconf 53' lang='lat' dir='ltr'>quz</span> <span class='ocrx_word' id='word_1_630' title='bbox 525 5679 567 5835; x_wconf 42' lang='lat'>{51¹</span> <span class='ocrx_word' id='word_1_631' title='bbox 582 5683 639 5751; x_wconf 89' lang='lat' dir='ltr'>ipso</span> <span class='ocrx_word' id='word_1_632' title='bbox 652 5680 778 5752; x_wconf 71' lang='lat' dir='ltr'>biennale</span> <span class='ocrx_word' id='word_1_633' title='bbox 791 5685 956 5758; x_wconf 84' lang='lat' dir='ltr'>antiquiores</span> <span class='ocrx_word' id='word_1_634' title='bbox 969 5699 1042 5754; x_wconf 84' lang='lat' dir='ltr'>sunt.</span> <span class='ocrx_word' id='word_1_635' title='bbox 1054 5689 1097 5744; x_wconf 85' lang='lat' dir='ltr'>rel</span> <span class='ocrx_word' id='word_1_636' title='bbox 1110 5686 1189 5748; x_wconf 68' lang='lat' dir='ltr'>diam</span> <span class='ocrx_word' id='word_1_637' title='bbox 1200 5701 1274 5748; x_wconf 90' lang='lat' dir='ltr'>certe</span> <span class='ocrx_word' id='word_1_638' title='bbox 1287 5706 1302 5748; x_wconf 90' lang='lat' dir='ltr'>a</span> <span class='ocrx_word' id='word_1_639' title='bbox 1316 5690 1443 5768; x_wconf 68' lang='lat' dir='ltr'>Dionyslo</span> <span class='ocrx_word' id='word_1_640' title='bbox 1455 5696 1585 5823; x_wconf 69' lang='lat' dir='ltr'>oriqin¹em</span> <span class='ocrx_word' id='word_1_641' title='bbox 1600 5697 1710 5759; x_wconf 83' lang='lat' dir='ltr'>naucru.</span> <span class='ocrx_word' id='word_1_642' title='bbox 1720 5698 1804 5758; x_wconf 78' lang='lat' dir='ltr'>urum</span> 
     </span>
     <span class='ocr_line' id='line_1_54' title="bbox 307 5786 588 5835; baseline 0.007 -2"><span class='ocrx_word' id='word_1_643' title='bbox 307 5827 312 5833; x_wconf 91' lang='lat'>.</span> <span class='ocrx_word' id='word_1_644' title='bbox 367 5786 476 5833; x_wconf 76' lang='lat' dir='ltr'>mol..</span> <span class='ocrx_word' id='word_1_645' title='bbox 579 5814 588 5835; x_wconf 66' lang='grc' dir='ltr'>ι</span> 
     </span>
    </p>
   </div>
   <div class='ocr_carea' id='block_1_15' title="bbox 0 0 2019 6164">
    <p class='ocr_par' dir='ltr' id='par_1_20' title="bbox 0 0 2019 6164">
     <span class='ocr_line' id='line_1_55' title="bbox 0 0 2019 6164; baseline 0 0"><span class='ocrx_word' id='word_1_646' title='bbox 0 0 2019 6164; x_wconf 95' lang='lat' dir='ltr'> </span> 
     </span>
    </p>
   </div>
  </div>
 </body>
</html>
