4000 6175
228 352 283 412 &9
683 348 854 410 tnrcnuttt
872 348 918 408 Ab
936 344 967 408 S.
987 349 1109 409 tectis
1127 346 1236 408 tttatd
1251 344 1375 409 OPERA.

1803 359 1860 415 Μ
1966 420 1967 427 ,

228 467 288 538 ipro
307 482 338 524 se
357 466 476 525 indicant
489 465 552 537 qnid
568 463 714 537 apostolica
729 464 808 520 sedes
821 462 957 520 censuerit
969 476 1014 517 ca·
1028 464 1056 528 A
1068 460 1350 527 batestanorum
1362 474 1520 533 preponere
1534 467 1858 542 ponsuamapnenpre
1966 458 1967 471 ¹

227 560 363 630 gnotisse.
373 567 580 626 consumatque
591 554 722 624 probasse
735 552 921 618 retinendum,
933 560 947 590 ·
959 564 1014 622 quo
1064 561 1145 623 caput
1157 552 1274 610 subdere
1288 553 1436 624 principum
1451 553 1579 623 solitum,
1592 571 1647 610 non
1656 555 1691 612 de
1703 571 1793 615 eontra
1807 576 1855 617 ea·

228 649 444 705 crtmmnnionent
465 645 625 707 catholicam
642 654 830 708 inerrantes,
847 652 876 699 ct
897 655 944 698 eos
968 641 1014 712 qui
1065 643 1164 712 pitibus
1173 642 1296 713 judicare
1311 661 1319 698 r
1336 644 1432 716 quibus
1451 645 1580 701 Ecclesiae
1597 647 1731 715 conciliis,
1747 665 1855 724 parsp-

212 728 380 810 'apostoliea
395 737 452 794 sedi
466 736 697 793 communicarent
707 735 975 806 elegerecansortes3
986 741 1015 788 ct
1064 728 1135 792 nodo
1152 736 1330 806 pellerentur;
1344 736 1407 805 uuid
1422 735 1539 806 denique
1552 737 1853 812 mcommisisseat,

227 830 389 902 ppogqpppps
403 828 481 887 rada
494 829 643 900 apostolica
656 827 791 885 im'nirne
800 828 882 899 368
891 840 1013 883 commu·
1064 835 1094 882 ut
1103 827 1223 884 sineulla
1240 827 1410 884 discissione
1423 843 1525 890 rerum,
1542 838 1582 884 tot
1593 830 1774 887 Ecclesiarum
1787 849 1854 903 pras·

227 920 822 993 nicuret,nspueadpersectnionisincursus
834 932 889 974 non
903 927 1014 974 renitere
1064 918 1136 976 eules
1150 934 1198 989 pro
1211 920 1328 978 bumana
1339 920 1427 989 libitu,
1443 932 1470 976 et
1482 921 1621 977 menteris
1629 925 1771 992 mactatis
1782 926 1856 983 arbi·
1966 940 1967 999 ξ

226 1023 374 1072 consortes.
400 1012 479 1069 Certe
497 1027 558 1083 qttae
582 1011 661 1067 sedes
679 1009 826 1081 apostolica
841 1007 1011 1076 decreverat,
1066 1011 1117 1067 trio
1130 1011 1314 1082 petlensium
1326 1012 1477 1081 inauditus,
1491 1012 1670 1082 indiscussos,
1686 1016 1856 1078 incanrietos

226 1105 406 1164 Orientalibus
420 1104 553 1172 episcopis
566 1117 621 1160 non
635 1101 783 1157 innotuisse
796 1099 922 1169 iactatur.
937 1097 1015 1154 Unde
1064 1118 1119 1158 non
1138 1103 1236 1160 debere
1259 1104 1390 1175 percelli,
1406 1105 1521 1161 manime
1545 1119 1607 1161 cum
1625 1121 1704 1163 norae
1722 1121 1857 1167 caumes
1966 1084 1967 1117 ³

225 1212 290 1270 ergo
304 1206 344 1254 tot
359 1197 478 1267 tunnque
494 1195 726 1266 pontillcesunum
744 1191 934 1261 idemquceurn
952 1204 1015 1258 apo·
1065 1207 1228 1249 rroturerum
1235 1193 1317 1251 iacies
1328 1202 1480 1264 appareret,
1493 1203 1524 1251 nt
1533 1205 1656 1252 rectores
1664 1196 1706 1253 isti
1714 1196 1853 1268 placident

225 1289 320 1347 *ΨΜ
331 1288 395 1345 ’θᾶθ
404 1286 562 1351 sentientes,
573 1297 687 1353 &millii
698 1283 844 1353 lll⁰¹>⁸⁰¹0⁸
853 1288 915 1349 ²9¹²
925 1293 1015 1336 dicim
1064 1283 1212 1351 repentinis
1231 1283 1427 1341 incursionibus
1440 1299 1490 1354 pro
1502 1284 1645 1343 mundana
1664 1289 1796 1357 potentiae
1809 1307 1857 1351 up-

225 1390 326 1438 sanctar
336 1378 456 1451 religioni
468 1392 584 1447 nemque
593 1377 726 1439 munisse,
735 1373 952 1445 quanonsolura
961 1373 1012 1428 sibi
1064 1374 1166 1430 luntate
1176 1377 1260 1432 sceris
1269 1374 1442 1446 dignitatibus
1448 1376 1632 1445 privatensem
1643 1394 1676 1433 es
1690 1380 1763 1435 nuta
1774 1396 1856 1441 causa

225 1471 361 1544 sequerda
371 1469 561 1541 judicaverint,
574 1468 622 1524 sed
641 1466 722 1523 etiam
735 1480 820 1535 usque
834 1464 867 1519 ad
887 1477 1014 1534 persecu·
1064 1467 1148 1524 reteri
1162 1506 1170 1531 ,
1183 1482 1218 1524 ex
1232 1465 1305 1524 nullo
1325 1467 1438 1539 collegio
1456 1478 1564 1535 reatus,
1583 1485 1632 1526 uec
1647 1472 1856 1542 participatione

226 1564 327 1619 tionem
343 1557 646 1616 stririliterexerendai
661 1557 732 1614 Ecce
745 1555 931 1627 habuistispui
948 1570 1014 1626 epo·
1064 1556 1208 1628 euirrsltbet
1227 1559 1328 1614 erroris
1339 1558 1395 1629 iarn
1409 1568 1470 1615 anto
1485 1558 1606 1616 damnati
1622 1564 1708 1617 nneri
1726 1578 1775 1620 eos
1788 1580 1856 1621 erru-

224 1651 327 1708 notice
339 1648 541 1707 constitutionis
554 1657 581 1703 ct
595 1646 718 1703 notitiam
728 1646 805 1702 subis
817 1648 979 1717 ingererent,
987 1652 1015 1700 et
1064 1648 1188 1720 uincique
1198 1660 1352 1719 consortes,
1373 1658 1402 1705 nt
1424 1660 1550 1719 tanquam
1560 1668 1593 1708 es
1609 1655 1744 1720 prateriis
1756 1656 1856 1713 delini·

225 1741 358 1798 retinendi
373 1738 758 1797 constantiamtuinistrarent.
772 1736 800 1794 st
813 1736 1014 1808 apostolicare
1065 1740 1137 1797 tione
1147 1740 1332 1812 judicarentur
1344 1741 1488 1801 obstricti:
1505 1750 1532 1798 ct
1545 1742 1605 1799 ideo
1617 1745 1679 1814 qnia
1695 1748 1774 1803 nullis
1789 1758 1854 1804 anto
1966 1776 1967 1809 ι

225 1833 273 1889 des
283 1832 410 1899 misisset,
424 1833 467 1887 ris
478 1830 601 1887 duosaut
610 1839 665 1887 tres
675 1829 791 1901 dirigere
802 1836 935 1899 patuerat.
946 1830 1016 1886 Ecce
1029 1827 1053 1891 B
1067 1832 1280 1904 praecedentibus
1291 1833 1404 1889 cauriae
1415 1841 1538 1893 recentes
1551 1845 1652 1903 essent,
1663 1852 1713 1892 cur
1722 1839 1855 1907 ejiciam.

226 1932 265 1981 tot
279 1924 421 1995 pontillces
438 1920 684 1995 apostolicaesedis
695 1924 762 1981 scita
777 1931 923 1989 sectantes,
937 1924 1015 1994 inge-
1065 1933 1120 1991 tur,
1132 1925 1256 1981 incamus
1265 1925 1310 1996 ptri
1321 1925 1360 1981 illi
1372 1935 1471 1994 ament,
1485 1927 1584 1989 debere
1596 1932 1752 1996 morostrari,
1770 1939 1799 1987 et
1813 1947 1857 1989 oc·
1966 1962 1967 1969 ι

224 2025 287 2073 runt
308 2016 385 2071 subis
401 2016 540 2081 notitiam,
553 2022 582 2071 et
599 2015 720 2085 prebent
740 2015 879 2072 servandae
894 2016 1014 2072 ueritatis
1064 2015 1223 2072 ctesiasticis
1236 2015 1357 2088 legibus,
1372 2026 1402 2073 nt
1421 2033 1546 2090 seniper,
1568 2031 1694 2090 oportere
1717 2033 1857 2080 muctare.

224 2109 361 2179 exempla.
375 2108 425 2176 Qui
436 2119 530 2165 contra
544 2114 632 2163 tantos
644 2107 780 2163 clausistis
792 2108 897 2175 oculos,
912 2106 1013 2163 ibidem
1062 2106 1164 2165 Saltem
1179 2106 1222 2161 sel
1234 2117 1378 2178 prorestro
1392 2110 1451 2167 loco
1462 2110 1570 2168 illorum
1584 2113 1724 2171 duceretis
1735 2118 1858 2174 miseriis

223 2197 623 2268 consuentes,uuomododuos
639 2197 681 2254 rel
695 2206 750 2253 tres
768 2195 862 2253 andire
876 2197 1013 2267 possetis?
1062 2197 1267 2265 consulendum,
1277 2198 1452 2257 formidantes
1465 2202 1493 2256 in
1506 2204 1581 2261 robis
1593 2204 1664 2275 quod
1679 2208 1705 2260 in
1715 2206 1781 2262 aliis
1795 2222 1857 2264 cer·
1966 2224 1967 2245 ³

224 2292 280 2349 lloc
291 2291 505 2362 ipsosincdubio
518 2289 694 2360 cognovistis,
715 2290 776 2346 illos
789 2288 943 2360 apostoliea
953 2289 1013 2346 sedi
1063 2290 1163 2347 neretis
1172 2300 1270 2361 preter
1281 2291 1364 2348 ullum
1372 2295 1612 2353 moremuiolentor
1621 2297 1740 2355 admitti.
1755 2300 1786 2356 Si
1800 2302 1857 2356 eri·
1966 2354 1967 2379 ,

224 2387 340 2456 placere,
359 2398 413 2453 uno
431 2397 479 2439 nra
494 2382 639 2451 displicere
654 2381 795 2437 ridebatis.
810 2382 860 2436 dut
874 2381 935 2438 iilos
947 2395 1014 2453 ergo
1062 2382 1135 2438 mine
1147 2382 1263 2452 respersi
1278 2392 1356 2439 erant
1366 2385 1470 2455 aliquo,
1484 2387 1666 2446 catamerica
1682 2389 1857 2448 debuitena·

223 2473 382 2539 sectamini,
405 2486 453 2543 pcr
474 2486 542 2541 nuos
558 2471 749 2541 intelligebatis
765 2469 839 2527 sedis
856 2472 1013 2541 apostoticae
1062 2473 1208 2530 minatione
1218 2475 1356 2545 cognom.
1542 2530 1550 2545 ,

222 2566 404 2631 uoluntatem,
421 2563 601 2620 antnibilest
618 2561 689 2632 qood
707 2560 906 2634 deignorantia
921 2564 1011 2619 solitis
1097 2563 1395 2624 Car.lX.-Taoeo¹¹
1411 2578 1440 2625 et
1459 2568 1492 2625 ad
1512 2570 1605 2627 sedem
1627 2572 1807 2641 apostoticam
1822 2590 1858 2633 es
1966 2616 1967 2641 ι

222 2657 383 2713 obtendere:
394 2671 454 2711 curu
469 2652 600 2710 dindiciis
612 2655 692 2711 tantis
704 2665 731 2711 et
745 2655 843 2711 rabbus
854 2655 1009 2725 abutentes,
1061 2669 1136 2710 more
1146 2654 1257 2725 deterri,
1272 2671 1306 2714 ne
1318 2667 1410 2714 nostra
1427 2658 1564 2731 prirttogta
1585 2676 1681 2720 crnnrc
1699 2664 1857 2729 uideamur.

222 2747 461 2820 sedisapostolicae
475 2749 634 2813 constituta,
649 2747 731 2803 tantis
746 2749 907 2804 testimoniis
916 2748 1010 2818 predi·
1060 2745 1130 2802 satis
1139 2745 1175 2801 sit
1185 2745 1412 2817 ostenderc,quid
1423 2749 1570 2805 secundnm
1584 2753 1691 2823 regrrlas
1700 2765 1727 2809 et
1741 2754 1858 2812 Patrntn

221 2842 353 2904 cantibus,
370 2855 499 2911 respuere
513 2840 692 2910 potiusquam
703 2839 821 2911 recipere
835 2840 977 2897 maluistis.
1060 2854 1176 2897 canonos
1189 2841 1278 2899 lucere
1289 2842 1426 2899 deberetis
1440 2859 1449 2899 t
1464 2847 1598 2915 precipue
1611 2861 1675 2902 cnm
1692 2848 1772 2903 etiam
1785 2849 1858 2920 ipsm

257 2937 320 2990 cnr.
332 2932 578 3004 illl-linnquid
592 2943 686 2989 omnes
700 2932 756 3000 isti,
768 2948 836 3005 quos
848 2935 1010 2990 memorari·
1059 2931 1133 3002 leges
1142 2932 1267 3003 pubicae,
1282 2934 1473 2990 ecclesiasticis
1485 2936 1588 3006 regulis
1601 2936 1798 3008 obsequentes,
1812 2950 1857 2995 ta·
1966 2974 1967 2977 ,

221 3042 282 3086 ntus
295 3027 429 3100 episcopi,
447 3026 602 3097 imperatori
618 3026 658 3097 il)
670 3026 775 3082 mentiti
786 3028 865 3082 suntl
883 3026 1008 3101 Numquid
1059 3022 1099 3079 les
1109 3036 1238 3096 personas
1252 3038 1306 3091 pon
1316 3023 1367 3080 nisi
1382 3026 1416 3081 ab
1429 3026 1564 3097 episcopis
1574 3030 1858 3099 sanxerintiudicari.

221 3135 316 3177 ornnes
335 3121 380 3187 int,
390 3119 503 3175 cratoris
518 3134 616 3174 nornen
627 3133 660 3174 es
670 3117 805 3190 diptychis
823 3120 1008 3176 abstulerunt?
1059 3114 1087 3172 si
1099 3114 1208 3174 senode
1220 3115 1340 3186 qualibet
1350 3115 1447 3173 naresi
1460 3117 1563 3174 lucrant
1573 3119 1781 3188 impetiti,tanto
1791 3138 1857 3178 ma·

118 3199 120 3202 ’
221 3211 287 3269 Cunr
295 3211 375 3282 igitur
381 3209 556 3282 pellerentur,
570 3211 676 3267 etnicis
687 3209 1009 3280 pontilicibascatlrolicis
1022 3185 1046 3251 G
1059 3206 1314 3280 giscosdecuitista
1328 3223 1503 3279 cognoscere,
1519 3211 1563 3282 qrri
1578 3219 1606 3267 et
1619 3213 1767 3269 secundom
1786 3215 1857 3270 reli·

221 3314 392 3359 successores
407 3299 525 3355 haretici
539 3310 745 3368 crearentur,ot
758 3301 856 3359 nonde
870 3301 1008 3359 inferiori·
1059 3300 1282 3371 glonistenotetn
1298 3308 1408 3370 possent
1430 3301 1480 3357 ista
1494 3301 1648 3371 discutere,
1667 3314 1696 3359 et
1720 3305 1857 3364 baberent
1966 3355 1967 3358 ,

220 3398 272 3455 bus
284 3396 433 3469 ouibuspne
452 3396 621 3464 civitatibus,
646 3396 693 3452 sed
709 3397 789 3452 etiam
807 3394 1008 3464 metropolitani
1060 3390 1212 3462 pristinum,
1228 3405 1261 3446 es
1273 3405 1327 3461 qno
1340 3398 1382 3447 est
1395 3389 1541 3447 cbristianu
1555 3390 1665 3463 religio,
1682 3393 1857 3463 pontificium

220 3490 377 3561 poutidcea,
393 3490 423 3545 ln
436 3488 568 3546 catholica
586 3489 686 3561 jugiter
703 3488 891 3545 communnione
908 3487 1009 3544 duran·
1056 3480 1204 3552 iudicandi.
1220 3483 1273 3537 dut
1287 3480 1412 3538 oatltolioi
1424 3482 1497 3539 enim
1510 3493 1599 3550 erant,
1613 3493 1661 3538 aut
1673 3484 1804 3552 baerctici,
1818 3487 1858 3546 de

221 3592 303 3652 ηιμ
318 3598 366 3640 cur
381 3584 463 3654 igitur
476 3582 610 3657 compassi
629 3599 683 3640 non
702 3582 769 3639 estis
783 3582 864 3638 tantis
882 3580 1008 3639 iratribus
1057 3571 1155 3643 quibus
1167 3570 1211 3627 iila
1227 3570 1340 3628 ludibria
1364 3575 1464 3642 possim
1481 3574 1643 3644 petebantur
1661 3583 1690 3632 et
1708 3574 1858 3636 latrocinia

221 3675 337 3732 tarint
350 3692 398 3732 mr
410 3691 464 3732 non
479 3675 583 3732 auriens
599 3673 808 3744 imperatorem
826 3687 875 3728 em
889 3687 941 3728 aaa
955 3672 1008 3727 ra·
1057 3660 1243 3719 ueteranus
1265 3662 1420 3718 sarrana.
1435 3663 1610 3733 sonaretur,
1627 3667 1715 3738 prout,
1730 3667 1856 3736 discuti.

1058 3752 1139 3823 370
1150 3759 1179 3808 et
1193 3750 1311 3824 legitima
1325 3755 1446 3810 oonr'inci
1458 3756 1544 3812 modis
1555 3758 1858 3830 omnibnsdebuerunt,

1059 3854 1087 3899 et
1102 3844 1209 3900 selenis
1219 3843 1444 3914 conlessiouibus,
1460 3847 1501 3904 nal
1521 3848 1635 3905 aliorum
1656 3851 1766 3908 sceibus
1778 3866 1855 3909 con·

1057 3933 1149 3991 lutari.
1163 3935 1251 3993 Taceo
1261 3938 1322 4008 qun
1333 3939 1366 3993 ad
1375 3952 1425 3995 nos
1435 3938 1523 3997 luerat
1533 3954 1643 4012 paterna
1653 3944 1857 4005 mnsuetudine

1059 4026 1241 4095 referendum,
1254 4037 1411 4102 tantumque
1423 4046 1593 4099 commoneo,
1609 4035 1675 4105 ptrid
1690 4038 1746 4091 lieri
1757 4039 1856 4095 ecclc·

1058 4121 1418 4190 siasticojureconrenorat.
1429 4122 1458 4180 Si
1477 4139 1542 4181 tero
1554 4125 1680 4182 catbolici
1697 4126 1856 4197 probaban-

1058 4219 1113 4278 tur,
1128 4225 1177 4268 ros
1186 4212 1231 4282 qui
1242 4212 1270 4267 in
1281 4227 1375 4270 eorum
1390 4215 1550 4271 non-sotum
1563 4215 1719 4287 depulsione
1732 4217 1740 4268 i
1759 4232 1856 4275 emsa·

219 3765 308 3821 alesia
318 3779 426 3820 eausam
440 3773 467 3821 et
478 3763 622 3821 sacerdotii
637 3762 817 3819 miserabilem
829 3760 1006 3818 decoloratio-

220 3871 282 3911 nem
301 3854 462 3911 cantinuatis
475 3855 585 3911 uocibus
598 3853 759 3918 debetistls3
776 3851 924 3921 allegantes
938 3865 1008 3906 nuu-

219 3960 299 4017 rpnam
321 3944 356 4002 de
373 3944 547 4002 Pontificibus
561 3944 601 4016 (Ξ)
620 3943 672 3999 nbi
689 3941 837 3998 Ecclesiam
850 3940 1006 4011 iudicasse5

219 4052 273 4094 non
290 4051 351 4094 esse
367 4037 543 4093 humaniorum
557 4035 645 4105 trgum
661 4032 696 4089 dc
706 4032 803 4088 talibus
819 4029 889 4087 lerre
898 4038 1006 4088 sentcn-

220 4129 283 4184 tianr
294 4128 397 4198 absque
408 4125 535 4182 Ecclesiae
550 4122 731 4194 principaliter
749 4121 903 4177 constitutis
919 4123 1008 4189 ponti·

219 4220 327 4285 licitum
341 4217 454 4288 obsceni
466 4213 555 4271 solere
571 4213 708 4284 principes
717 4211 879 4270 atrristtrnos
889 4210 1008 4268 decretis

254 4355 362 4413 ·Sirm.
374 4395 382 4419 ,
393 4355 472 4424 quod.
486 4350 548 4408 iat.
559 4352 594 4407 is.
609 4367 670 4408 cunr
685 4351 773 4418 ttert,
789 4353 841 4421 pai.

1056 4349 1213 4432 culpatione,
1226 4349 1409 4415 codlcron..
1421 4354 1604 4423 pnttetpattm
1623 4355 1718 4412 melius
1734 4353 1853 4420 liutran.

253 4429 268 4469 b
282 4429 366 4483 strm.
375 4435 403 4481 et
412 4424 530 4491 Thoan,
539 4426 685 4478 deneeerut
696 4425 800 4478 minione
808 4421 1004 4479 eortrruarricare.
1020 4421 1047 4484 Ii
1059 4430 1087 4474 ct
1098 4421 1191 4485 Strata
1203 4423 1351 4492 participio.

219 4500 292 4563 Mox,
317 4511 366 4566 pro
386 4511 438 4549 non
458 4503 567 4560 tenum,
591 4493 670 4551 codd.
687 4493 749 4549 Ver.
765 4490 866 4548 ctist.
893 4491 929 4555 ts,
944 4506 1004 4546 enm

219 4567 294 4625 lieri.
308 4607 316 4633 ,
330 4576 449 4630 tenum,
464 4563 552 4621 deleta
566 4565 716 4636 negatione.
733 4563 827 4620 ilelins
849 4562 876 4617 in
900 4562 1003 4626 Sirm,

217 4653 380 4772 'ebagnium
397 4704 468 4760 delet
483 4719 577 4761 rocem
592 4702 714 4765 uiriliter,
727 4717 807 4770 quarn
823 4700 922 4756 babettt
942 4717 1003 4758 cnm

218 4773 294 4833 bierl.
305 4785 334 4832 ct
343 4773 422 4830 Sirm.
433 4790 527 4830 orrrnes
538 4773 621 4828 nostri
632 4771 710 4826 codd.
727 4772 785 4825 ilos
801 4773 925 4826 eceman
935 4777 1004 4826 scri·

218 4846 319 4918 primus
333 4858 394 4900 curn
410 4843 489 4899 lind.
505 4844 602 4898 Veron.
619 4850 647 4897 et
660 4841 741 4896 Sirm.
753 4842 837 4895 Codd.
854 4841 915 4895 isid.
931 4858 1004 4897 erse·

217 4915 315 4971 croada
334 4912 487 4982 punierunt.
507 4913 607 4980 Quesn.
622 4925 682 4967 cunt
698 4911 809 4966 blerlino
831 4911 910 4964 ltabet
930 4925 1003 4965 ecer-

216 4988 297 5041 eendu
305 5002 315 5051 ;
325 4984 400 5039 solus
410 4998 473 5037 nero
486 4983 562 5037 addit
575 4992 755 5052 cognorerunt.
769 4979 835 5034 Ecce
846 4979 967 5035 buiriisti.

253 5052 383 5125 louein.
397 5068 459 5108 crim
481 5053 557 5107 biert.
572 5093 579 5117 ,
595 5051 706 5119 iadieiis.
728 5050 789 5107 tot.
806 5049 863 5117 is,
882 5052 1002 5107 induciis.

217 5125 312 5183 ilelius
323 5124 403 5180 tini.
420 5133 447 5179 et
459 5121 559 5188 sirm..
572 5122 685 5177 indiciis.

254 5207 266 5236 ⁸
281 5198 326 5254 Sic
348 5209 414 5250 nrss.
430 5193 508 5248 lind.
530 5204 558 5248 et
571 5191 634 5248 Ver.
661 5190 819 5262 Exemplum
834 5189 914 5248 Siron.
931 5192 1004 5247 delet

215 5269 303 5409 ῦῖἰιιιι.
317 5267 429 5334 Quarta,
443 5280 500 5331 ear,
525 5266 649 5336 inquom,
672 5264 868 5333 comparaison
888 5263 947 5317 estis
967 5271 1005 5317 tot

230 5339 349 5392 ratribus.

253 5409 265 5449 l
277 5409 371 5475 Quen,
383 5420 432 5476 pro
448 5403 559 5460 socibns
572 5404 709 5472 repentinis
724 5401 924 5468 incurdonibas,
937 5416 1004 5471 quas

216 5491 249 5533 cs
264 5478 388 5532 omnibus
400 5475 499 5530 nostris
510 5474 589 5530 codd.
612 5488 643 5528 ac
661 5473 742 5529 etiam
766 5471 870 5528 Tlruan.
893 5473 1003 5541 aliisque

217 5546 330 5618 vulgatis
344 5545 517 5611 restituimus,
530 5543 668 5600 substituit
681 5541 868 5608 dimittier,
881 5558 929 5609 pro
941 5559 1005 5614 par·

251 5677 291 5744 (l)
305 5675 367 5732 vid.
383 5690 443 5744 cap.
459 5674 556 5730 ittitnli
572 5673 762 5746 precedentis.

252 5745 292 5817 tii
306 5744 373 5804 bist.
387 5744 433 5819 id,
447 5743 473 5800 Ν
476 5759 588 5814 aagaonr
601 5744 633 5800 de
645 5743 825 5818 Pontificibus.

1093 4487 1212 4556 esium,
1225 4489 1326 4546 retenti.
1342 4491 1402 4546 ilos
1417 4492 1458 4546 itti
1477 4492 1629 4550 addidimus
1647 4509 1709 4550 cunt
1723 4495 1856 4556 omnitrus

1058 4559 1157 4614 nostris
1170 4574 1235 4616 mss.
1252 4565 1413 4631 excursisque
1424 4561 1573 4618 codicibus.

1094 4627 1106 4667 ¹¹
1121 4629 1222 4696 Quesn.
1237 4629 1310 4685 addit
1323 4632 1402 4702 paud,
1416 4634 1505 4686 minans
1518 4646 1601 4688 recte.
1615 4633 1682 4690 bein
1696 4633 1867 4697 adiecimus*

1057 4701 1185 4769 precipue
1198 4714 1258 4755 cunr
1273 4713 1337 4754 mss.
1356 4701 1447 4767 iliud,
1464 4700 1521 4756 vat.
1536 4703 1581 4770 is..
1596 4704 1677 4760 sirm.
1694 4716 1722 4761 et
1734 4707 1814 4765 ilerl.

1095 4768 1162 4826 lSic
1178 4769 1258 4825 iidem
1273 4769 1353 4825 codd.
1377 4772 1455 4836 Apud
1473 4773 1589 4840 Qttesn.,
1609 4777 1760 4833 sarriebant.
1775 4778 1852 4837 beia

1058 4837 1157 4894 ieron.
1173 4854 1235 4894 eunt
1250 4837 1345 4906 Siron,
1362 4839 1501 4895 debuerunt
1515 4843 1553 4895 nel
1568 4843 1631 4898 anis.

1093 4908 1101 4960 i
1120 4907 1203 4963 dodo.
1216 4908 1334 4976 utimr,
1346 4909 1406 4967 ilat.
1422 4910 1456 4965 ls.
1469 4922 1495 4966 et
1509 4912 1602 4977 Sinna,
1619 4915 1737 4972 cessistis.
1752 4917 1854 4976 stetim

1057 4978 1104 5034 atii
1118 4994 1179 5033 cum
1194 4978 1308 5048 Quesn,
1324 4982 1452 5046 cessastis,
1467 4981 1493 5036 id
1517 4993 1558 5038 est
1574 4984 1651 5038 orosi
1664 4984 1760 5041 linistis.
1779 4990 1852 5046 [lirin

1057 5049 1127 5104 ment
1140 5049 1254 5115 Quaen..
1268 5054 1313 5103 sed
1322 5052 1398 5104 etiarn
1411 5049 1544 5107 baereticae
1556 5054 1722 5124 sabropottie,
1736 5067 1761 5111 et
1773 5075 1852 5112 corn·

1056 5118 1187 5172 manicare
1198 5118 1336 5190 detepirrie.
1351 5121 1525 5176 indubitanter
1544 5122 1632 5193 [noetis
1645 5124 1781 5182 hereticis.
1797 5128 1853 5183 Sc·

1055 5190 1109 5243 cnti
1122 5202 1216 5242 sumus
1230 5204 1295 5243 mss.
1309 5189 1420 5255 ieron..
1446 5191 1506 5245 Vnt.
1522 5192 1556 5247 la.
1573 5203 1601 5248 et
1621 5193 1695 5248 ttert.
1718 5194 1852 5253 Concinit

1056 5258 1135 5312 etiam
1151 5258 1245 5325 sirm„
1259 5259 1311 5314 nisl
1324 5260 1394 5328 nuod
1410 5275 1458 5329 pro
1472 5259 1597 5316 decretioie'
1617 5264 1746 5320 mendose
1765 5267 1852 5326 babet

1056 5325 1177 5382 beretiei.
1189 5326 1261 5383 idem
1275 5344 1381 5400 quoque
1395 5330 1476 5386 ltnbet
1488 5346 1538 5388 urs.
1549 5331 1640 5399 vind„
1651 5334 1679 5389 in
1694 5349 1745 5413 quo
1756 5336 1851 5393 solnm

1055 5408 1181 5465 corrupte
1208 5395 1305 5464 legitur
1328 5399 1484 5472 rnboponis
1505 5417 1553 5468 prro
1579 5404 1732 5473 iumagaus.
1755 5408 1850 5463 oron.

1056 5467 1144 5521 babet.
1159 5466 1205 5521 sed
1214 5470 1288 5522 etium
1302 5475 1363 5532 spir
1396 5472 1445 5524 atie
1458 5473 1661 5526 commanerem·
1674 5474 1790 5540 liutran..
1800 5476 1852 5532 btt-
1966 5471 1967 5480 ’

1055 5537 1200 5590 dubitanter
1213 5535 1347 5593 hereticis.
1387 5555 1432 5603 ox,
1447 5556 1496 5610 pro
1515 5514 1852 5614 meredentibsrpselroere-

1055 5606 1123 5669 tisis,
1136 5620 1202 5663 mss.
1218 5606 1317 5662 Veron.
1332 5620 1359 5663 et
1371 5609 1477 5664 Thoan.
1503 5610 1603 5667 babent
1627 5619 1729 5669 tanturn
1752 5630 1851 5669 racca-

1031 5711 1036 5722 .
1055 5675 1182 5730 dentibus.
1198 5676 1276 5731 iind.
1289 5678 1360 5732 delet
1370 5678 1505 5736 baselicis.
1521 5679 1602 5738 Sirm.
1625 5682 1705 5738 trabes
1724 5685 1851 5740 aarum·

1056 5746 1130 5818 tibus,
1145 5744 1205 5805 sine
1219 5745 1355 5804 berenicis.
