4000 6175
233 361 285 419 tot
692 359 861 417 tutuuutx
882 360 926 415 bl)
945 359 974 418 S.
996 358 1118 418 LEONlS
1136 356 1395 427 trucutot‘uut.
1799 360 1855 419 dot

233 474 356 530 tioclteoo
371 472 451 528 l‘ctro
463 470 654 535 indifferenter,
669 469 707 534 bi,
729 470 774 539 oni
793 470 932 528 catholicis
950 485 1014 527 soc·
1028 472 1052 531 Α
1066 468 1193 524 munione
1201 468 1348 538 permixtos
1357 465 1572 522 communicebot
1582 465 1712 534 dcacius3
1724 466 1855 538 pluritttos

232 571 380 628 cesserunt,
390 562 578 641 communione
592 558 714 628 permisti
727 566 800 625 sunt,
813 570 841 616 et
853 560 1017 617 successori·
1066 558 1233 615 diversarum
1248 557 1355 614 urbium
1370 556 1500 627 presules
1514 570 1655 628 possumus
1668 557 1855 619 demonstrare

232 656 282 709 ltus
294 653 431 729 utriusque
450 651 523 705 Petri
537 650 669 721 hodieque
695 650 852 708 miscentur.
878 651 925 707 ills
947 649 1017 708 adde
1067 651 1163 721 ouibus
1179 666 1242 708 eum
1260 649 1431 707 bulloeltetto
1445 649 1525 708 Petro
1538 652 1800 709 communicentibus
1812 657 1857 710 ni-

233 743 310 800 ctitm
323 743 397 809 illos,
422 739 468 812 qul
492 739 555 796 licet
577 740 716 797 catholicis
739 755 792 798 non
818 744 1016 808 successerint,
1067 743 1217 800 bilomintrr
1227 742 1444 800 communicabit
1463 743 1589 810 eodm.
1610 752 1639 800 et
1657 759 1705 816 per
1725 744 1786 801 illos
1799 749 1858 803 in-

231 845 344 891 ·ttmen
359 832 422 890 dunt
436 832 560 890 catholici
577 831 716 904 pontillces
729 832 901 902 haberentur,
924 834 1017 890 telium
1067 834 1192 890 tioclmno
1209 841 1406 905 mrsoqnmter
1427 835 1643 891 communicabat
1653 846 1681 892 et
1695 836 1785 893 Petro.
1801 838 1859 896 Sed

230 941 260 982 se
272 923 452 982 communioni
460 924 616 994 illoxerunt.
631 923 694 979 ileu
705 932 748 981 est
759 923 804 980 illa
817 922 944 990 mistum,
960 924 1017 981 lttec
1068 923 1127 980 uec
1139 923 1209 993 apoll
1224 925 1331 981 Grecos
1344 923 1430 981 iacills
1443 934 1471 981 et
1491 925 1659 997 inculpabilia
1672 936 1783 998 putatur
1795 944 1861 987 esse

231 1025 271 1074 est
285 1015 331 1072 illo
346 1014 483 1082 conlusio,
497 1030 547 1086 out
562 1030 611 1087 per
625 1014 762 1073 Orientem
781 1023 865 1071 totum
883 1015 954 1071 inter
969 1030 1018 1072 ct·
1068 1013 1221 1083 permixtio,
1231 1012 1301 1086 sputi
1311 1028 1379 1086 quos
1391 1015 1461 1071 nulla
1471 1016 1578 1072 estreri
1591 1014 1858 1088 itlsiquediscretim

231 1105 355 1163 cholicam
368 1107 574 1174 ltaeretictmoue
585 1105 883 1164 eommrrnionetnnulln
891 1105 1020 1162 discretio
1068 1113 1095 1161 et
1106 1118 1168 1162 cum
1180 1104 1305 1162 omnibus
1318 1104 1441 1175 reprobis
1455 1105 1551 1169 nolunt
1562 1119 1625 1163 esso
1637 1121 1814 1173 communes,
1831 1110 1859 1163 in

231 1206 280 1254 est.
296 1198 390 1263 immo,
405 1198 451 1268 qni
463 1194 478 1237 1
490 1197 607 1253 discerni
622 1200 776 1264 tentaterit,
796 1196 884 1267 potius
904 1195 1019 1252 babetur
1068 1195 1139 1252 nulla
1151 1183 1337 1252 'monstrantur
1349 1196 1482 1266 probitste
1496 1205 1632 1254 censure.
1647 1196 1697 1255 liic
1709 1208 1804 1255 autem
1813 1199 1861 1254 ille

231 1286 383 1355 hereticus,
397 1286 583 1356 persecutione
595 1285 759 1356 percellimur,
781 1284 884 1341 exsiliis
901 1292 930 1342 et
949 1285 1019 1341 ailli-
1068 1293 1110 1341 est
1128 1286 1222 1342 Petrus
1235 1285 1429 1352 Antiochenus,
1446 1301 1527 1357 qoem
1542 1301 1596 1343 nec
1609 1301 1657 1358 per
1671 1288 1862 1357 poenitentiam

230 1380 319 1435 ctione
333 1363 489 1434 mulctatur.
507 1377 601 1434 Restat
616 1391 682 1449 ergo
705 1386 733 1433 ut
756 1377 783 1433 in
803 1376 854 1432 lttc
867 1377 1019 1434 colluvione
1069 1376 1102 1432 ud
1113 1376 1272 1433 catholicam
1282 1379 1497 1435 communionem
1508 1378 1591 1449 recipi
1603 1379 1862 1450 etiamasedeapo·

231 1474 400 1536 cunctorum,
416 1467 486 1522 sicut
499 1465 620 1537 quinquis
633 1464 668 1521 eb
686 1465 779 1522 mdem
800 1475 938 1537 seperatus
955 1477 1018 1534 est,
1069 1468 1162 1523 stolica
1176 1469 1298 1539 poposcit
1309 1468 1433 1527 Aeacius.
1448 1469 1488 1526 dc
1500 1485 1549 1541 per
1568 1471 1620 1527 ltoc
1635 1472 1647 1509 1
1660 1471 1726 1541 quid
1738 1487 1862 1542 odmun-

231 1559 345 1614 sincerre
355 1557 563 1627 communionis,
577 1564 605 1611 et
616 1556 677 1612 iden
690 1555 840 1612 mtuotieus
859 1557 1020 1627 comprobr-
1070 1569 1113 1615 tur
1124 1574 1139 1615 a
1154 1560 1232 1618 nobis
1246 1561 1371 1619 Acacium
1386 1563 1468 1619 luisse
1479 1563 1646 1632 damnatum,
1657 1579 1719 1620 cum
1732 1563 1782 1620 use
1797 1579 1861 1634 pro-

232 1648 470 1719 tonitruumque
484 1648 555 1704 illius
564 1646 875 1704 detestandiconrntercli
885 1651 1020 1719 particeps
1072 1648 1188 1707 lectione
1202 1650 1352 1720 premisso,
1367 1662 1394 1708 et
1406 1654 1455 1724 'per
1468 1653 1605 1709 anfractus
1613 1652 1775 1709 enuncieni
1785 1653 1861 1711 Petri

232 1739 391 1807 invenietur,
405 1750 532 1811 quantum
544 1756 560 1795 a
573 1740 676 1797 sincero
696 1741 901 1806 communione,
917 1751 1019 1796 tentum
1072 1748 1205 1810 trecenta
1221 1743 1430 1810 communione,
1447 1757 1479 1801 se
1490 1743 1619 1799 docentor
1633 1744 1691 1813 ipse
1702 1743 1847 1800 mutuam

231 1840 246 1884 t
260 1829 390 1887 catholica
404 1839 485 1901 stoue
494 1830 640 1901 apostolice
649 1830 684 1885 sit
696 1838 826 1886 mmotue.
838 1830 894 1886 lloc
904 1842 1019 1901 praeten·
1034 1825 1058 1888 B
1072 1829 1122 1886 tibi
1142 1838 1232 1888 umen
1248 1846 1302 1887 non
1315 1832 1403 1887 solum
1417 1847 1480 1889 reus
1501 1841 1608 1890 tenettu
1628 1833 1749 1900 tmolus,
1769 1833 1819 1890 ssd
1831 1843 1861 1890 et

231 1922 277 1978 dat
286 1923 424 1992 numquam
437 1923 508 1994 quod
521 1923 601 1979 alicui
617 1921 728 1979 forsitan
748 1920 907 1978 crident'ori
924 1912 941 1962 ’1
963 1937 1016 1979 uon
1068 1934 1161 1977 omnes
1174 1921 1315 1991 pontillces
1328 1922 1445 1979 Orientis
1457 1923 1502 1994 qui
1515 1923 1572 1994 ptri
1587 1922 1667 1979 modo
1677 1924 1705 1979 ia
1715 1923 1774 1979 lsaec
1787 1925 1860 1980 reci·

231 2014 444 2072 communicasse
457 2014 501 2071 rel
512 2015 711 2070 communicare
733 2013 857 2070 rideatur
879 2013 1016 2070 heretico.
1068 2009 1132 2066 dere
1145 2010 1280 2080 concapit,
1298 2010 1447 2082 meritoque
1461 2012 1542 2068 simili
1555 2012 1750 2070 tlentnntioneh
1764 2023 1863 2071 tenen·

231 2103 299 2172 Quid
309 2106 380 2162 enim
391 2106 476 2175 iuret,
492 2103 515 2159 si
526 2103 565 2161 illi
578 2120 631 2160 non
642 2104 918 2171 communicet,etltis
929 2112 1017 2160 molen
1068 2110 1111 2156 tur
1130 2100 1260 2167 obstricti,
1281 2115 1332 2158 nec
1350 2102 1413 2160 inde
1433 2112 1545 2174 possunt
1568 2104 1702 2160 ullatenus
1722 2105 1859 2177 expediri,

231 2197 561 2271 commnnloueJ'angotor,
575 2196 620 2269 qui
632 2198 667 2254 eb
679 2197 751 2254 illius
761 2212 814 2253 nou
827 2205 1019 2254 suntcnntmo·
1067 2193 1132 2259 nisi,
1151 2192 1215 2249 dum
1231 2202 1387 2263 supersunt,
1404 2207 1421 2249 a
1440 2194 1538 2250 talibus
1551 2195 1721 2252 abstinendo.
1740 2197 1798 2252 Nec
1812 2211 1863 2251 noe

230 2287 438 2346 nlonedirersil
451 2288 563 2358 Quodsi
587 2303 680 2346 eorum
699 2288 765 2343 nolli
789 2287 1017 2355 communicarit,
1067 2292 1175 2354 oportet
1193 2282 1222 2338 iu
1242 2282 1339 2340 talibus
1360 2285 1449 2340 ctusls
1472 2283 1523 2340 nisi
1544 2284 1595 2341 illis
1614 2283 1728 2341 credere
1749 2287 1798 2353 oui
1817 2295 1864 2342 aut

231 2381 273 2436 rel
285 2380 395 2436 omnino
408 2395 462 2436 nou
473 2379 672 2448 communicat,
689 2379 733 2435 bie
747 2379 799 2435 erit
818 2379 866 2435 ille
884 2380 1016 2447 sincere,
1068 2373 1178 2431 omnino
1189 2374 1278 2430 sciunt
1289 2389 1319 2431 se
1328 2375 1364 2431 ab
1377 2373 1458 2446 liujus
1468 2374 1587 2445 perlutae
1599 2377 1711 2433 nexibus
1723 2376 1809 2449 374
1821 2377 1863 2433 di-

230 2470 381 2539 retlsolicte,
396 2470 605 2541 apostolloeqne
616 2470 812 2525 communionis
823 2479 851 2526 et
864 2469 1019 2526 ideicelio-
1068 2462 1133 2520 rino
1142 2462 1273 2521 beneflcio
1287 2478 1396 2522 serrare
1409 2464 1551 2533 discretos,
1566 2477 1612 2522 eut
1627 2466 1670 2525 itis
1685 2469 1732 2536 noi
1746 2481 1763 2522 a
1779 2468 1862 2537 perd-

230 2563 294 2633 quin
309 2561 475 2618 nullomodo
498 2559 596 2630 poterit
616 2560 769 2616 indisereta
786 2558 858 2616 lilius
880 2558 1018 2617 mixtionis
1066 2553 1163 2611 dorum
1174 2555 1309 2612 consortio
1319 2556 1572 2613 neccommittam
1580 2557 1607 2612 in
1618 2557 1784 2629 peslldorum
1794 2574 1863 2616 cou-

133 2648 136 2655 '
196 2678 200 2687 ·
230 2651 392 2708 insincerum
409 2650 495 2707 ritare
509 2651 671 2721 contagium.
693 2648 750 2706 linc
772 2650 853 2706 modo
870 2651 951 2706 etism
970 2649 1017 2707 ille
1067 2646 1139 2718 taglo
1152 2647 1302 2705 constitutis
1315 2662 1395 2719 ouum
1409 2647 1488 2705 idem
1502 2649 1864 2719 pmstnoerneconnnonto·

230 2742 270 2798 tir
284 2742 369 2799 bunum
383 2740 496 2797 tortos
510 2740 677 2797 indocucno
697 2738 793 2807 Petro,
809 2741 852 2796 eoi
871 2754 902 2797 se
924 2740 1014 2810 pelam
1067 2736 1111 2795 nia
1129 2737 1315 2794 tostillmtione
1336 2752 1479 2809 possumus
1496 2737 1635 2806 solbere,
1662 2738 1733 2812 ¹oui
1754 2740 1783 2797 in
1805 2758 1863 2799 non

230 2832 494 2890 nonenmmunicare
504 2832 641 2903 lactabat,
658 2845 705 2902 per
720 2831 789 2887 elios
811 2833 871 2887 sine
891 2829 1017 2902 animno
1067 2827 1174 2889 sincera
1193 2829 1384 2888 communione
1402 2839 1466 2888 tunt
1480 2831 1581 2902 pusitii
1595 2831 1649 2888 lieo
1662 2846 1757 2889 eornm
1779 2834 1861 2889 testi-

230 2925 310 2997 m
323 2924 535 2981 communicasse
546 2922 688 2994 delegitur.
710 2921 802 2990 Neque
819 2923 891 2978 onitu
904 2919 939 2978 ub
958 2934 1018 2978 out·
1065 2921 1164 2977 moniis
1181 2919 1231 2978 uiti
1252 2935 1302 2993 pru
1318 2922 1431 2980 reriule
1449 2924 1617 2992 poterimus,
1635 2925 1682 2996 qui
1700 2923 1864 2997 impugnare

229 3014 303 3072 nium
316 3015 361 3087 qui
374 3012 543 3073 Antiocheno
565 3010 645 3069 Petro
661 3011 908 3080 communicabant,
930 3018 1017 3067 semet
1067 3010 1077 3065 l
1096 3011 1216 3069 nituntur
1230 3011 1390 3070 ltltimtibus
1404 3012 1558 3071 reritttem.
1571 3013 1665 3072 liestat
1685 3024 1714 3071 ut
1733 3017 1857 3073 nonnisi

229 3107 341 3165 turim
350 3105 540 3163 communione
552 3104 746 3174 suspendicde
756 3117 805 3175 per
819 3103 870 3158 boc
882 3102 946 3173 qnid
956 3117 1017 3172 pro
1065 3101 1120 3159 lllis
1137 3103 1248 3162 credero
1260 3104 1408 3163 debeamus
1421 3105 1466 3177 nui
1483 3107 1518 3162 ob
1532 3106 1606 3162 omni
1620 3108 1779 3179 mutacione
1792 3118 1861 3165 sunt

230 3197 290 3265 luit,
304 3197 376 3268 quod
386 3195 472 3253 rideri
481 3194 587 3251 rotebst
604 3194 642 3250 illi
656 3194 743 3265 pelam
763 3208 817 3250 non
836 3192 1018 3249 communica·
1030 3179 1055 3245 C
1069 3192 1157 3250 liberi.

231 3305 271 3358 re,
287 3289 330 3348 cui
344 3304 393 3361 per
410 3303 474 3347 suos
495 3283 640 3361 complices
659 3286 800 3343 subcisirte
820 3284 1017 3343 communionis
1329 3284 1525 3345 cuutttlttltt
1543 3286 1599 3346 tlt.

231 3380 396 3438 nectebatur.
420 3379 601 3437 Alexandrino
620 3377 699 3434 Petro
720 3375 928 3435 communicarit
948 3375 1018 3431 dca-
1069 3394 1862 3471 tppp10upppmp,95„„3,ppppmp,mc„ff,fflm

192 3490 198 3500 ·
231 3473 298 3536 eius,
313 3469 361 3527 sed
372 3471 458 3527 donec
469 3470 570 3526 adrisit
583 3467 763 3526 intioclteuus
777 3468 889 3534 Petrus,
903 3466 948 3537 qui
963 3465 1017 3521 uti·
1104 3469 1260 3538 epicorum,
1279 3478 1367 3523 contro
1384 3485 1426 3524 eos
1447 3470 1492 3541 qui
1506 3470 1538 3524 dc
1556 3470 1660 3526 demini
1678 3473 1863 3529 inrmnetiotte

230 3578 284 3634 oue
296 3569 357 3633 post
368 3561 530 3619 Aeacitnum
551 3576 611 3619 curn
632 3560 712 3617 Petro
729 3558 911 3616 Alexandrino
929 3556 1017 3614 ledus
1104 3536 1367 3610 111111111111111111111
1378 3539 1479 3595 11111111
1490 3550 1635 3596 1111111111·

232 3654 327 3711 initum
348 3653 489 3711 defunctus
501 3651 660 3718 ostenditur,
687 3665 821 3723 nunquam
846 3649 1017 3706 Antiocheno
1072 3649 1265 3734 lbrnuttssrus
1278 3651 1536 3709 dilectissimolrntri
1550 3654 1695 3711 etsmabili
1709 3669 1861 3715 contecer-

231 3747 312 3803 Petro
323 3746 517 3803 Alexandrinus
531 3744 626 3803 Petrus
636 3744 833 3801 commonicare
845 3742 950 3800 desivit.
1208 3722 1264 3777 (¹⁰¹¹
1276 3719 1409 3779 11111110
1418 3723 1445 3779 111
1459 3723 1571 3780 0111111111
1583 3726 1710 3781 1111111111·

266 3838 331 3894 (lae
350 3835 407 3895 litt.
422 3835 542 3905 -Quod
562 3833 756 3892 catholicorum
776 3834 894 3889 continet
920 3832 1016 3888 relatio
1101 3835 1166 3893 cin.
1182 3836 1308 3908 labeo
1321 3837 1657 3908 quidempntobnmnmne
1671 3840 1861 3912 vaniloquium

230 3927 398 3985 sacerdotum
411 3933 623 3997 ceterorumque
636 3925 663 3980 in
677 3922 809 3979 catholica
822 3918 837 3959 1
852 3921 904 3977 ide
915 3921 1015 3977 duran·
1066 3927 1251 3983 universorum
1265 3928 1310 3997 qut
1328 3926 1426 3997 ubique
1440 3935 1503 3982 sont
1520 3926 1709 3985 hereticorum
1728 3943 1861 3988 conns„

230 4021 307 4087 tium,
322 4033 373 4076 nec
387 4017 577 4075 conscientium
591 4023 680 4088 potest
692 4015 776 4071 latere
791 4014 873 4070 totius
885 4012 1013 4069 Orientis.
1066 4030 1099 4072 cr
1112 4031 1144 4073 et
1156 4031 1216 4087 quc
1226 4016 1292 4072 iacta
1304 4026 1347 4072 est
1360 4015 1386 4071 in
1399 4013 1627 4088 Nicmnasynodo.
1637 4016 1701 4085 Qum
1709 4015 1780 4073 enirn
1790 4025 1812 4054 11
1829 4019 1861 4075 itt

230 4112 265 4169 Et
275 4120 303 4168 ut
313 4121 415 4169 tacennt
425 4108 496 4181 quod
507 4122 555 4178 per
568 4107 654 4176 ipsum
665 4105 802 4161 Zenonem
813 4105 1012 4175 imperatorem,
1065 4119 1126 4161 eun
1142 4105 1265 4161 Patribus
1277 4104 1423 4161 secundum
1439 4112 1547 4161 sanctm
1562 4103 1715 4175 Scripturas
1726 4108 1860 4176 exposita

229 4204 274 4276 qul
289 4201 381 4274 udone
393 4201 561 4258 Antiocltono
575 4197 666 4261 Petro,
679 4211 759 4267 qoem
775 4195 971 4262 introduxerat,
986 4204 1015 4249 et
1068 4195 1135 4252 tides
1144 4202 1196 4263 est,
1210 4193 1345 4252 suideicns
1362 4203 1405 4251 est
1421 4194 1455 4250 ad
1468 4209 1575 4252 ornnem
1589 4195 1796 4253 destructionem
1813 4205 1863 4252 to-

228 4296 305 4368 rulus
318 4292 497 4352 secerdotium
509 4289 740 4363 comprobaverit,
755 4288 905 4347 sinedubio
916 4296 930 4326 1
941 4301 1016 4344 corn·
1069 4286 1122 4342 tiut
1133 4285 1278 4357 impictatis
1287 4292 1302 4322 11
1316 4294 1345 4341 et
1357 4285 1393 4340 ad
1405 4284 1636 4341 confirmationem
1647 4284 1698 4356 pic
1707 4284 1734 4340 in
1744 4283 1861 4343 Christo

264 4441 278 4470 1
291 4430 375 4488 Sirm.
388 4442 448 4484 cuut
464 4426 543 4484 lint.
555 4423 704 4490 ellenon..
716 4426 760 4480 red
774 4426 845 4479 duro.
1068 4417 1167 4477 toron.
1183 4429 1211 4476 et
1222 4420 1303 4477 Sirm.
1796 4487 1805 4500 ι

262 4499 279 4541 11
293 4501 392 4584 Quesn.
407 4513 469 4555 curn
483 4498 542 4553 solo
557 4510 608 4579 nrt.
623 4499 722 4563 Onon..
733 4496 884 4561 discernere,
896 4503 924 4551 et
936 4494 1015 4564 paulo
1101 4489 1116 4530 11
1135 4490 1209 4546 lianc
1227 4488 1310 4573 liujus
1325 4488 1448 4572 epistole
1465 4490 1618 4572 tersionem
1635 4495 1732 4558 preter
1744 4487 1862 4615 iffi

228 4568 723 4705 ⁹⁰2²tt‘ditttrttllltt.,...
737 4634 959 4692 ...mnenon
1025 4559 1862 4696 nltilitiliitttttttttdtt..tittttrite..t1...

262 4708 538 4778 tsjrm,dcletide.
981 4739 986 4750 .
1066 4701 1207 4755 limusms.
1224 4698 1284 4753 int.
1299 4696 1743 4754 tetullacverstoneosmests.
1758 4696 1817 4751 beo
1831 4700 1861 4754 in
1966 4731 1967 4736 .

264 4790 278 4820 1
296 4779 334 4834 lta
344 4779 428 4835 nostri
439 4779 589 4833 coddcum
600 4776 680 4832 sirm.
695 4785 721 4830 et
731 4771 1011 4844 dioridpudQuesm,
1065 4768 1225 4826 testimoniis
1239 4768 1366 4837 subjectis
1380 4767 1500 4836 epistole
1516 4767 1567 4824 ¹65
1583 4767 1617 4822 ttd
1631 4766 1746 4822 Leonem
1760 4767 1862 4836 liugn·

227 4851 378 4910 commictae
389 4849 448 4904 sine
459 4845 645 4901 communiore.
1063 4848 1146 4905 stum,
1157 4852 1269 4906 eumque
1283 4852 1333 4892 uno
1344 4852 1405 4892 cum
1415 4837 1553 4907 sequentis
1562 4837 1716 4910 cyrilttsnae
1725 4836 1857 4905 epistotae

265 4921 276 4962 t
300 4919 359 4976 vat.
371 4917 446 4984 isid..
458 4922 486 4971 et
497 4916 579 4972 sirm.
595 4915 721 4971 omittunt
733 4914 807 4985 quid.
1064 4909 1286 4979 interpretatione
1299 4906 1333 4962 ab
1353 4908 1412 4978 ipro
1427 4904 1458 4963 S.
1472 4907 1573 4979 Gyritto
1586 4906 1619 4963 nd
1634 4906 1737 4962 Sirtum
1752 4919 1858 4974 papam

262 5001 276 5042 a
295 4989 334 5045 lta
355 4986 437 5042 codd.
458 4984 562 5040 Tltuan.
586 4995 614 5041 et
634 4985 731 5040 Veron.
750 4997 811 5038 cunt
830 4982 888 5037 ilat.
903 4979 967 5036 isid.
985 4990 1014 5035 et
1064 4982 1173 5037 missum
1193 4977 1223 5034 S.
1242 4977 1359 5059 Leonem
1377 4977 1405 5031 in
1424 4977 1577 5058 apostolicis
1592 4974 1701 5058 scriniis
1715 4977 1857 5098 reperisse

227 5056 421 5121 iteruntdem
434 5055 590 5112 estincod.
611 5052 1012 5122 Sirm.,niniouodnntcapro
1064 5048 1227 5119 conjecimus
1240 5047 1362 5103 notlitn
1375 5061 1420 5117 ep.
1435 5045 1532 5113 l09,rn
1565 5060 1696 5115 uarpsnm
1710 5047 1743 5101 dt
1781 5114 1788 5125 ἡ

226 5152 273 5208 per
285 5134 419 5201 reportata
434 5126 514 5182 ltabet
526 5141 571 5195 per
583 5127 700 5209 insertos.
713 5122 828 5192 Quen..
848 5138 876 5178 re
889 5121 1011 5177 doceatur
1066 5118 1202 5189 epistolam
1212 5116 1346 5200 laudabor
1354 5116 1387 5172 ed
1396 5116 1531 5198 italianum
1537 5062 1668 5172 (inensem
1676 5114 1860 5187 Eutycbttnia

224 5221 254 5261 co
265 5209 366 5270 recepto
384 5213 402 5251 o
416 5197 591 5253 communione
608 5212 662 5267 spec
680 5195 825 5249 damnasse.
846 5192 910 5248 Post
927 5205 1011 5262 ponec
1064 5188 1249 5297 opponendum
1261 5186 1361 5271 diripit.
1373 5184 1440 5268 inde
1452 5193 1519 5241 tom.
1533 5184 1541 5241 l
1553 5185 1606 5240 col.
1619 5184 1697 5266 ¹¹⁷⁷:
1964 5211 1965 5246 2

225 5291 277 5331 ors.
292 5272 386 5334 sirm..
401 5267 532 5341 peroptet
544 5265 718 5321 ortamota...
733 5264 760 5318 in
774 5265 827 5317 boc
841 5262 964 5317 reeidm.
1134 5259 1207 5315 lianc
1216 5256 1300 5313 solam
1310 5264 1521 5325 inscrtpuonem,
1530 5268 1609 5310 nont
1668 5253 1773 5309 titulum
1785 5266 1859 5323 pra>

1765 5046 1860 5102 snnsii
1965 5031 1966 5068 ³

260 5342 414 5399 hittun
429 5338 539 5403 ieron„
554 5333 1010 5404 unmnrmobstrictimerindepot·
1063 5327 1215 5393 cedentem,
1232 5327 1342 5397 prmiert
1360 5324 1445 5380 codex
1462 5323 1553 5389 iliud..
1568 5324 1614 5394 qui
1647 5325 1710 5379 abet
1727 5322 1856 5393 Epictito,
1950 5349 1957 5368 .

225 5416 287 5469 tint.
298 5411 380 5467 Sirm.
396 5422 502 5482 quoque
514 5407 593 5462 ltabet
607 5408 715 5475 possint.
1063 5400 1132 5481 sicut
1143 5406 1171 5455 et
1181 5395 1250 5451 alius
1258 5396 1344 5452 codex
1353 5395 1516 5478 desultorum
1528 5393 1651 5452 laudatus
1663 5393 1690 5450 iu
1703 5394 1857 5450 norissima

264 5481 388 5545 'Situm
410 5479 455 5548 qui
477 5478 603 5532 inriorem
626 5476 804 5530 communione
823 5482 883 5528 runt
906 5472 1016 5540 poliuti.
1063 5465 1223 5526 editiones.
1236 5466 1385 5522 Athanasii.

226 5554 344 5616 inuam,
357 5550 543 5621 moderere...
556 5546 642 5615 potiti.
655 5544 748 5601 liclius
764 5543 921 5613 ternomio
930 5543 958 5595 in
967 5542 1010 5596 in·
1099 5545 1118 5575 11
1137 5538 1250 5605 Quesn.
1274 5532 1563 5620 meo.·(}orrectionem
1586 5531 1766 5604 suppeditavit
1786 5530 1853 5588 cod.

227 5625 359 5677 sincero...
374 5618 462 5687 positi.
1065 5608 1136 5672 iat..
1149 5620 1262 5678 quocum
1277 5613 1395 5662 eoncnnt
1406 5603 1517 5660 ornem
1531 5611 1631 5660 tentus.

263 5691 271 5742 i
295 5690 388 5752 sirm,
407 5702 459 5739 nort
478 5693 606 5741 comior.
629 5685 689 5740 llos
703 5684 817 5752 Qucum,
837 5681 924 5735 liestot
941 5696 1011 5746 erpo.
1099 5687 1113 5716 11
1133 5676 1212 5734 iliud.
1226 5690 1290 5745 ms„
1304 5675 1339 5731 ud
1352 5675 1568 5753 confirmationem
1581 5683 1666 5731 nutem
1678 5673 1743 5745 pie.

227 5759 382 5819 ueteribus
403 5772 463 5822 erpo
483 5770 543 5811 cum
564 5753 792 5822 praestantioribus
812 5751 891 5808 codd.
918 5750 1010 5817 iliud,
