4000 6175
167 245 209 303 tii
376 244 493 302 couti
512 246 680 308 csttodt'tt
700 251 840 311 scetes.
863 255 905 311 tt
923 257 1214 319 erassittttrtttttttt
1233 263 1263 320 S.
1282 265 1381 325 ssuts
1400 271 1569 335 APOSTOL.
1740 279 1791 344 596

168 364 305 421 assaturis
318 374 461 434 castratus,
474 376 486 404 ¹
498 370 549 423 istc
563 380 717 438 permaneat
731 371 757 425 in
772 372 855 428 ciero.
871 374 947 439 erud
961 378 984 439 Α
1004 372 1095 446 iqraod
1109 378 1205 434 animoa
1219 390 1315 437 noceat
1330 394 1466 453 peccatum
1479 388 1616 445 iratentum
1628 390 1708 449 iverit
1721 392 1747 451 iu
1762 414 1795 454 ea

167 457 186 514 ti
196 458 249 526 nois
264 458 439 527 semetipsum
455 462 672 528 sarrusairscidit,
690 462 734 519 irie
748 464 852 519 etiarnsi
865 475 907 520 est
921 466 946 519 iu
999 481 1132 535 persona,
1156 479 1181 524 et
1202 471 1371 529 convincitur
1384 476 1489 533 dnonas
1503 480 1545 534 rei
1569 481 1655 539 tribtts
1671 487 1795 554 testibus,

166 553 236 619 dero,
246 565 352 608 cessam
362 552 458 620 dobet3
474 563 500 610 ct
515 570 550 610 ex
566 555 618 612 hoc
629 556 710 612 tatem
725 557 828 627 nulium
841 568 947 628 oportet
998 559 1114 613 cessabit
1128 575 1143 613 a
1159 561 1234 617 ciero
1247 563 1293 633 poi
1308 564 1440 633 ejusmodi
1453 582 1504 625 est.

166 645 281 702 ominari.
297 643 374 700 Sicut
385 660 450 717 ergo
461 646 494 702 de
508 647 550 703 his
562 648 607 718 qui
618 647 822 712 affectaverunt,
833 650 875 704 vol
889 652 946 705 ausi
1035 650 1093 704 'ian
1114 650 1159 706 tv.
1179 649 1218 706 De
1233 653 1241 704 i
1258 656 1369 710 uindicta
1384 675 1471 713 earnm
1488 663 1757 733 petronniacum„

166 746 218 792 tunt
236 736 338 806 seipsos
363 736 520 804 abscidere,
545 737 604 794 haec
626 754 686 810 quae
708 739 826 795 diximus
847 748 946 796 statuta
1055 812 1061 822 .
1114 812 1120 825 ι
1342 730 1459 796 fernim.

167 840 232 892 sunt:
247 831 280 884 ita
291 830 313 885 si
324 829 433 902 moui
448 832 488 888 vei
503 847 518 886 a
532 831 656 888 Barbaris
670 833 715 888 vei
730 848 745 887 a
759 834 876 891 doratiois
890 834 947 890 suis
991 900 995 908 ⁸
1032 810 1062 866 S'
1076 826 1136 882 (Ι1115
1151 827 1214 869 Ὗθῐθ
1228 825 1327 886 ime?
1341 818 1400 875 '¹³³⁰
1414 821 1492 888 siffis
1514 834 1639 896 “iniiam
1658 835 1793 889 ⁰⁰⁰¹r²tis

167 923 266 978 eurrucivi
282 922 344 978 iacti
359 934 433 988 sunt,
448 934 474 980 et
489 924 636 994 probantis
650 927 711 981 vitae
724 934 797 997 survt,
813 925 863 983 iros
879 927 946 984 tates
995 904 1105 957 ⁸¹³¹¹¹¹¹⁸
1119 903 1198 974 ¹¹¹¹J¹¹⁸
1212 908 1298 963 ⁸³⁰⁰²l
1312 925 1379 965 “⁰¹¹⁶

167 1014 289 1085 imppp
300 1014 484 1071 ecclesigam
499 1016 600 1088 ψῃ,
995 1006 1066 1051 statu
1081 999 1124 1053 soi
1137 998 1240 1055 ordinis
1255 1002 1461 1072 periclitabitur.

169 1131 217 1187 ita.
231 1128 272 1186 tit.
296 1131 335 1186 De
351 1141 362 1169 ⁰
377 1131 510 1203 neophytis
525 1147 606 1201 nepae
615 1131 777 1255 presbyteros
796 1148 877 1200 raeque
891 1132 943 1203 epi»
1033 1110 1093 1166 ΤΠ·
1108 1111 1142 1169 V·
1161 1111 1201 1169 ⁰⁶
1215 1111 1225 1153 ¹
1238 1120 1388 1185 mimam&
1404 1119 1483 1190 (Cim-
1496 1124 1513 1178 ³
1526 1123 1633 1197 Diffi&
1644 1140 1668 1182 θ’
1680 1128 1759 1203 isid.)

241 1218 328 1274 scopos
344 1202 478 1265 sedendis.
495 1199 602 1271 (Corui
642 1202 725 1273 inape.
741 1213 763 1273 et
776 1200 857 1273 isid.)
1032 1202 1199 1258 Ornatimodis
1218 1221 1283 1261 sero
1302 1207 1441 1265 interdicit
1455 1218 1693 1287 sanctasynodus,
1708 1237 1795 1290 oenus

197 1298 317 1365 Quoniam
337 1297 422 1351 muita
437 1295 495 1351 sive
515 1310 565 1365 per
579 1296 783 1363 mcessitatent,
805 1295 865 1351 sive
880 1294 946 1351 siim
994 1292 1141 1364 episcopo,
1156 1310 1243 1366 neque
1259 1299 1433 1370 presbytero,
1457 1318 1543 1374 oeque
1557 1306 1687 1376 diacono,
1709 1328 1794 1383 tregue

172 1388 308 1459 rogeoibus
321 1386 475 1443 homiuibus
488 1396 582 1441 curura
596 1387 808 1444 ecclesiasticam
824 1387 944 1458 reguiam
995 1380 1043 1438 niti
1055 1383 1165 1438 omnino
1179 1385 1338 1442 clericorum
1349 1398 1369 1425 ω
1383 1394 1514 1459 permittit
1523 1409 1615 1451 secum
1627 1399 1726 1455 trabere
1738 1419 1793 1458 ortt·

172 1477 252 1549 igesta
267 1488 344 1544 sunt3
365 1478 449 1534 itaut
466 1478 591 1535 horarines
606 1494 640 1535 ex
653 1479 708 1534 vito
722 1478 816 1549 gentili
834 1489 845 1517 θ
861 1495 946 1550 nuper
994 1476 1090 1530 ierem
1113 1485 1288 1546 extraneam,
1312 1482 1363 1536 nisi
1379 1482 1554 1542 iortetuater
1566 1489 1619 1551 sit,
1641 1501 1688 1544 aut
1705 1506 1793 1564 servor,

173 1573 312 1628 aecedentes
335 1571 392 1644 49
414 1572 446 1629 nd
469 1572 571 1640 fldem,
599 1582 628 1628 et
648 1573 694 1643 qui
717 1587 800 1643 parvo
824 1581 946 1642 tempore
995 1570 1010 1599 ¹²
1027 1575 1073 1618 ³¹¹²
1086 1567 1177 1621 amita.
1202 1568 1229 1621 itt
1246 1568 1288 1622 his
1303 1585 1419 1642 natuque
1439 1578 1573 1643 personis,
1590 1578 1644 1650 50
1657 1591 1683 1636 et
1699 1584 1794 1640 trorum

173 1663 307 1719 emeseno
324 1665 367 1718 vo
382 1662 506 1735 rastrum
521 1661 636 1728 terrain,
653 1664 745 1719 statam
763 1662 796 1719 ao
816 1663 944 1734 sptmaa-
996 1654 1246 1723 transmeamus
1259 1663 1377 1731 suspicio
1389 1664 1550 1723 declinam.
1566 1669 1617 1737 oar
1631 1673 1709 1729 artae
1724 1691 1795 1746 urae·

174 1758 214 1810 iem
235 1755 392 1824 baptismum
408 1756 548 1821 venirent;
570 1764 598 1810 et
613 1756 745 1813 contiuuo
768 1766 797 1812 ut
820 1756 946 1825 baptizati
960 1755 985 1816 B
999 1758 1039 1801 ¹er
1054 1749 1111 1803 '¹12⁰
1125 1759 1138 1785 ⁰
1152 1759 1233 1820 aget,
1248 1755 1444 1823 periclitabitur
1458 1759 1492 1815 de
1506 1761 1580 1817 ciero
1593 1780 1653 1819 suo.

174 1849 273 1915 iterant,
297 1847 379 1904 etiam
401 1849 434 1905 ad
458 1848 641 1919 episcopatum
665 1850 707 1905 vel
725 1846 943 1920 ‘presbyterium
998 1860 1058 1916 Τιτ.
1072 1860 1165 1917 viiie
1179 1867 1793 1941 uepiscopiasconvprorinaiatiiaaordinemne,

174 1940 381 2011 proveherentur:
404 1948 506 1995 rectum
531 1954 592 1995 esse
615 1939 702 1995 visum
726 1948 767 1996 est
790 1940 824 1997 de
847 1950 945 1995 caetero

174 2031 223 2086 uiirii
242 2031 291 2088 tate
313 2031 384 2088 iteri.
408 2030 475 2087 iiam
498 2040 526 2086 et
549 2040 670 2101 tompore
691 2046 759 2101 opos
782 2038 890 2087 esttut
910 2032 947 2087 sit

174 2123 376 2190 catechumenus,
399 2129 509 2194 etpost
531 2121 664 2192 baptisma
686 2121 767 2177 artuita
788 2120 947 2192 probatione

173 2214 270 2285 indiget:
285 2213 397 2277 evidens
410 2230 526 2285 namque
537 2225 578 2271 est
590 2215 767 2283 apostolicum
782 2224 945 2284 praeceptum

174 2308 261 2363 diceus:
285 2306 347 2363 Non
361 2307 532 2378 neopiptnm,
551 2324 582 2362 ne
601 2308 684 2361 cintus
699 2308 725 2360 iu
733 2308 866 2379 judicium
880 2308 945 2361 inci·

173 2397 252 2454 tates
265 2399 382 2461 iaanenm
396 2398 503 2453 diaboii.
518 2398 547 2457 st
560 2412 623 2455 vero
636 2399 801 2469 procedente
812 2406 945 2462 tempore,

170 2530 354 2596 praeventam.
382 2531 448 2585 Com
472 2541 536 2587 vero
561 2531 749 2588 dorsatensem
774 2531 895 2590 codicem
917 2532 945 2588 iu

173 2603 493 2657 araverandiscaaonious
516 2602 664 2673 iiardyeosi
688 2603 805 2658 simiicm
831 2605 944 2674 prodat,

173 2672 342 2739 repensatis
361 2672 503 2742 scripsisse
523 2673 661 2740 credatur,
679 2674 841 2743 conjicimus
864 2675 889 2728 in
913 2675 945 2732 iis

172 2698 289 2798 redimitus
302 2746 405 2799 serenti
417 2743 525 2803 cuidem
540 2759 681 2799 ntroverum
692 2746 785 2814 viginti
798 2759 943 2812 canonum,

172 2812 269 2868 atsimni
284 2829 404 2870 canonos
418 2814 491 2883 ipsos
505 2814 532 2868 io
549 2815 616 2869 duos
632 2817 814 2884 paragraphus
829 2817 864 2870 ita
880 2816 944 2870 sub·

168 2884 287 2954 distingui,
301 2894 331 2939 ut
343 2900 475 2939 contortum
490 2900 617 2940 numerus
632 2900 800 2956 nequaquam
813 2887 943 2955 multipii-

170 2964 239 3010 eetur.
260 2957 310 3023 eri
328 2956 402 3026 ipsos
417 2955 524 3011 codices
546 2956 703 3025 inspexerit,
724 2973 787 3012 uum
810 2959 844 3011 ita
864 2958 900 3012 sit
914 2967 943 3012 ut

170 3026 327 3094 conjectando
341 3026 520 3096 suspicamur,
535 3027 691 3152 perspiciet.
709 3027 818 3082 iuterim
834 3043 898 3082 vero
914 3028 941 3083 in

167 3107 244 3152 nostra
257 3098 417 3154 coiiectioue
432 3099 489 3153 inec
503 3114 533 3152 su
556 3099 645 3154 dvisio
661 3112 797 3154 cationum
812 3097 940 3154 Nictcnos

171 3169 253 3233 peperit
268 3183 387 3225 canones
400 3184 488 3235 xrvrr,
510 3169 612 3224 omisso
627 3169 672 3223 ilio
686 3169 720 3224 de
740 3185 792 3224 non
808 3168 942 3226 ilecteudo

166 3252 234 3306 gorra,
249 3239 473 3310 quemadmodum
490 3241 516 3293 in
532 3253 583 3294 ms.
598 3239 655 3294 i'at.
671 3239 779 3309 Reginae
796 3242 940 3309 reperitur.

170 3310 192 3362 tu
203 3309 239 3364 itis
249 3320 336 3366 autern
349 3310 500 3366 canonibus
511 3309 683 3365 conterendis
695 3311 866 3366 adhibuimus
878 3312 938 3367 cod.
965 3368 969 3376 ,

509 3381 567 3434 o'os
589 3382 757 3435 coiiectionis
779 3378 977 3451 proprium,C
1030 3375 1045 3414 ¹²
1066 3379 1149 3434 Verres
1164 3389 1186 3434 et
1207 3381 1326 3451 loqueum
1343 3397 1376 3437 cx
1396 3388 1495 3441 nostris
1514 3400 1579 3440 mss.
1595 3397 1622 3441 et
1638 3388 1709 3457 tuig.
1724 3389 1787 3447 isid.

169 3378 384 3437 vindobonensem
409 3382 466 3446 39,
488 3380 532 3506 th

164 3459 190 3504 ct
204 3466 389 3523 nonnumquam
406 3450 489 3507 etiarn
533 3454 683 3514 ituaneatu,
707 3452 784 3520 cujus
808 3452 942 3506 variantes

169 3519 313 3582 doesneiiut
327 3522 426 3577 aiicuiti
443 3525 555 3577 notavit.
573 3522 755 3591 niicgalrimus
768 3522 848 3577 ctiam
862 3523 940 3577 codd.

167 3589 320 3648 Pithteauunt
346 3600 374 3648 et
397 3591 504 3648 Claudii
529 3592 634 3662 iiardy,
662 3608 694 3648 er
719 3607 832 3660 ottonom
858 3596 943 3645 attera

168 3662 251 3717 niceni
266 3665 291 3718 in
306 3680 340 3718 u
355 3678 474 3718 canones
487 3663 619 3727 distincti,
640 3678 673 3717 et
687 3661 775 3716 aitoro
790 3670 877 3717 autom
893 3664 942 3716 soti

166 3745 283 3788 canonum
308 3734 379 3789 tituii
402 3735 428 3787 io
452 3734 565 3804 irrigatis
587 3730 769 3787 Coraciiiorom
793 3735 856 3788 editi
880 3744 942 3787 sarit

166 3812 221 3857 totu.
239 3804 269 3869 ii,
284 3805 350 3860 edit.
368 3804 435 3860 ion.
457 3805 510 3858 coi.
524 3804 559 3859 i8
583 3812 611 3859 et
631 3804 695 3860 stt.
722 3802 813 3858 Codex
836 3818 942 3874 ottoque

166 3869 215 3933 ist.
236 3873 300 3944 Reg.
325 3873 394 3931 test
418 3873 515 3930 aiicubi
540 3875 698 3930 indicandus
722 3875 793 3938 erit,
818 3889 868 3928 nec
888 3890 942 3929 arou

164 3940 333 4010 tamrensts,
350 3946 473 4014 evurtii,
489 3945 535 4001 tabi
553 3960 601 4021 eos
620 3961 634 4001 a
652 3944 809 3999 Cotrstantio
822 3953 871 3998 aot
883 3945 943 3999 stila

164 4011 272 4071 laudatos
294 4018 454 4073 invenimus.
483 4015 550 4071 Cum
575 4026 664 4071 autem
689 4015 784 4069 irarum
809 4028 942 4069 cationum

163 4083 234 4140 tortio
255 4088 417 4144 eversione
442 4086 551 4156 isidori,
577 4094 606 4139 ut
630 4087 763 4145 diximus.
789 4085 816 4138 in
840 4094 942 4156 partem

165 4156 297 4214 mariniana
320 4159 450 4225 prodeat,
474 4157 572 4225 practer
586 4157 721 4227 vuigaturn
742 4155 835 4211 isidori
853 4171 944 4210 etero-

163 4226 223 4291 pter,
246 4229 413 4284 contutimus
430 4229 512 4285 etiarn
531 4228 747 4296 antiquissimum
766 4227 887 4281 codicem
908 4228 943 4283 58

164 4296 316 4355 teanensis
326 4300 447 4366 capituti,
459 4298 507 4368 rpti'
516 4298 635 4367 ejusdem
646 4298 777 4351 versionis
790 4296 943 4353 isidorianae

161 4369 286 4431 puriorem
311 4370 457 4426 iectionem
479 4373 610 4424 continet.
635 4368 657 4422 Τ
660 4368 740 4422 ituios
753 4367 888 4436 Quesrreiii
909 4384 942 4424 cv

159 4438 244 4496 codice
256 4439 415 4504 oxoniensi,
432 4441 469 4494 oti
482 4439 629 4502 credimus,
643 4440 798 4507 decerptos,
815 4439 840 4492 io
856 4454 942 4493 anno·

158 4510 294 4567 rationibus
310 4511 465 4580 rejecimus,
479 4510 599 4580 eoquod
613 4522 708 4564 omnes
722 4508 822 4563 inodati
835 4511 943 4565 redires

157 4578 222 4634 nanc
242 4581 464 4648 Quosneiiionaro
489 4584 640 4637 versionem
667 4579 845 4642 exhibentes,
873 4580 942 4636 aiios

155 4648 241 4730 vituios
254 4653 442 4723 suppeditent,
463 4667 531 4722 queas
547 4650 647 4707 idcirco
668 4650 850 4720 proterendos
864 4662 940 4721 puto·

155 4730 245 4777 ramus.

185 4857 385 4930 hQuesneiius,
400 4865 531 4930 suscipiet.
559 4863 727 4919 i'rmtuiiurus
749 4879 815 4920 nass.
828 4862 940 4917 i'iruietv.

151 4938 177 4983 et
198 4933 267 4988 Pith.
283 4951 345 4990 curn
361 4938 423 4989 can.
436 4933 534 4988 ieron.
555 4944 583 4989 et
600 4936 672 5005 vuig.
688 4934 803 5000 isidoro,
825 4937 868 5003 qui
888 4935 942 4990 duo

151 5006 279 5068 postremi
293 5006 321 5060 in
336 5005 389 5061 iroc
403 5004 503 5059 innitent
513 5004 604 5074 reputa
618 5007 645 5059 in
659 5003 765 5062 aierunt.

186 5077 259 5133 ‘Sic
272 5077 353 5133 codd.
371 5076 448 5130 tine.
466 5085 492 5130 et
508 5076 588 5138 vtro..
605 5076 685 5144 panio
699 5075 869 5144 discrepante
888 5089 940 5130 ms.

150 5140 251 5212 iiardg,
267 5149 294 5201 in
309 5163 363 5216 ouo
377 5148 492 5218 iegitur:
511 5147 547 5201 tie
562 5147 695 5217 neopitptis
707 5161 788 5212 steorte
803 5148 939 5218 episcopis,

148 5226 230 5276 neque
242 5218 397 5288 presbyteris
411 5219 546 5284 sacietatis.
570 5220 695 5273 Concinit
707 5218 788 5272 etiarn
804 5217 865 5270 cod.
880 5217 939 5271 i'at.

151 5277 232 5353 ἣτε,
249 5287 285 5341 Oe
297 5290 431 5359 neopiptis
445 5304 525 5355 ttepne
539 5290 680 5356 episcopor,
693 5303 772 5353 neque
783 5286 942 5354 preripteraa

148 5357 273 5490 girardi.
288 5360 467 5427 Quaesneiius:
482 5357 654 5429 Neneopirpti
664 5358 776 5428 episcopi
790 5361 827 5410 uei
839 5358 944 5428 prerip-

192 5441 201 5474 t
226 5438 288 5483 rant.

187 5490 292 5571 diiuig.
310 5500 373 5558 isid.
388 5514 450 5556 conr
469 5514 520 5556 ort.
542 5498 653 5566 ierom,
672 5500 724 5554 sice
740 5514 773 5554 ea
792 5513 944 5568 quocunqne

151 5574 232 5620 usto
243 5581 331 5626 eontra
342 5571 467 5644 reperiam.

190 5643 205 5673 ‘
217 5637 282 5698 Cod.
304 5643 386 5712 etan,
405 5660 486 5712 nuper
497 5644 582 5699 uditate
596 5643 741 5696 aecedentes
755 5640 790 5693 ad
804 5635 896 5706 pidem,
916 5650 942 5694 ct

151 5719 235 5774 earu
248 5723 358 5788 tempore
371 5715 521 5773 catechisati
536 5715 712 5781 aetimundi,
728 5713 814 5766 stasim
833 5721 891 5760 eom
906 5711 941 5764 od

187 4792 277 4848 ‘cod
290 4793 392 4848 veron.
405 4793 439 4849 58
452 4806 512 4847 com
525 4791 589 4848 leiti.
602 4793 674 4857 varis.
688 4790 762 4846 sddit
776 4791 872 4859 pinantit
885 4802 923 4845 tat.
956 4757 982 4818 n

1189 1964 1198 1969 -
1234 1937 1310 2007 (Can.
1324 1937 1342 1992 4
1358 1940 1436 1995 Dion.
1452 1952 1477 1997 et
1491 1945 1572 2015 isid.)

1037 2026 1198 2099 Episcopum
1212 2038 1347 2098 oportets
1364 2034 1480 2090 maxime
1495 2037 1602 2105 quidem
1624 2039 1657 2094 air
1671 2041 1793 2098 omnibus

999 2120 1044 2188 oui
1060 2129 1123 2175 sont
1137 2121 1163 2175 io
1182 2122 1320 2190 provincia
1332 2125 1467 2196 episcopis
1481 2130 1610 2185 ordinari.
1626 2133 1653 2188 Si
1668 2148 1730 2189 vero
1744 2134 1793 2192 iroc

999 2213 1109 2268 ditirriie
1122 2213 1214 2283 tuerit,
1228 2213 1286 2271 sive
1302 2226 1414 2286 urgente
1429 2223 1607 2290 necessitate,
1621 2226 1680 2281 sive
1692 2229 1794 2284 itineris

999 2304 1184 2375 longitudino,
1205 2317 1278 2362 certe
1298 2310 1409 2364 omnino
1430 2319 1484 2366 tres
1504 2313 1649 2383 episcopir
1666 2318 1692 2372 io
1711 2334 1792 2373 unum

999 2397 1098 2451 debent
1118 2409 1179 2451 esse
1199 2400 1372 2468 congregati;
1394 2401 1430 2456 ita
1453 2408 1484 2456 ut
1501 2402 1582 2458 etiam
1602 2412 1614 2440 ¹
1634 2417 1793 2465 caeterorum

999 2532 1142 2600 tpidtoiem
1160 2533 1314 2598 baptismum
1335 2540 1464 2606 venerint,
1486 2549 1511 2594 et
1530 2544 1653 2598 continno
1673 2546 1794 2617 baptizati

997 2603 1106 2672 fverint,
1121 2604 1208 2670 etiam,
1223 2614 1275 2660 etc.
1292 2606 1370 2676 Vuig.
1384 2608 1447 2663 isid.
1464 2621 1491 2673 et
1506 2614 1567 2667 cod.
1583 2614 1693 2681 Veron„
1710 2636 1791 2689 nuper

997 2673 1083 2727 aditae
1105 2675 1254 2728 cotecitiaoti
1274 2679 1314 2731 oei
1331 2679 1456 2746 instituti,
1476 2685 1563 2735 atatim
1582 2685 1792 2751 admonentem
1821 2726 1827 2736 ·

996 2742 1151 2825 baptismum
1165 2746 1306 2813 uenissent,
1330 2758 1354 2802 et
1371 2751 1492 2804 continuo
1507 2769 1565 2806 rnna
1580 2755 1703 2825 oaptiaaa·
1716 2771 1790 2829 sunt,

995 2825 1083 2877 etanta,
1099 2825 1151 2870 etc.

1035 2882 1044 2922 t
1066 2884 1111 2939 Sic
1129 2900 1161 2940 ex
1176 2887 1301 2943 omnibus
1324 2888 1423 2945 nostris
1441 2890 1581 2946 codicibus
1599 2904 1625 2948 ct
1641 2896 1711 2967 vuig.
1727 2898 1790 2955 isid.

996 2953 1176 3020 octomodos,
1203 2957 1417 3027 praeoptarem.
1445 2961 1503 3016 iios
1529 2963 1627 3018 Veron.
1653 2984 1705 3034 ms,
1730 2985 1790 3025 cum

994 3025 1066 3093 voig.
1084 3026 1146 3080 isid.
1164 3031 1274 3098 provecti
1287 3040 1363 3096 sunt,·
1386 3042 1454 3086 recte
1468 3034 1546 3102 ipitnr
1560 3037 1642 3091 nisum
1655 3049 1703 3093 ert.

1031 3099 1164 3164 nouem.
1186 3113 1218 3151 ex
1244 3099 1304 3152 coti.
1338 3101 1447 3168 Oxou..
1468 3115 1495 3157 ut
1516 3108 1574 3171 nnio
1595 3119 1791 3165 cateeoamenur

994 3165 1155 3234 depinctos,
1175 3179 1197 3220 et
1217 3179 1273 3239 post
1292 3171 1445 3238 baptismam
1462 3184 1565 3244 :atque
1585 3178 1646 3232 cod.
1666 3179 1787 3236 Tiruattei

989 3236 1136 3293 tectionem
1151 3240 1244 3306 reiecit
1259 3240 1285 3293 iu
1301 3245 1465 3312 tvaargincm,
1480 3261 1559 3313 oratum
1582 3262 1642 3301 aum
1662 3252 1787 3306 o:uuiitus

993 3308 1093 3363 nostris
1107 3321 1214 3372 utssact
1229 3311 1301 3378 vulg.
1319 3313 1379 3366 isid.
1396 3315 1479 3369 tentari
1494 3316 1664 3372 inseruimus.

995 3464 1057 3504 rect·
1079 3465 1157 3502 tttttts.

1035 3516 1043 3555 ¹
1060 3465 1143 3588 piiuig.
1162 3520 1240 3585 isid,
1255 3521 1359 3588 oiipuod
1375 3522 1485 3577 nterioie
1499 3533 1629 3591 peremunt
1644 3528 1788 3594 admiserit,

994 3601 1020 3642 et
1035 3594 1161 3644 concinas
1177 3590 1289 3655 deodata,
1301 3601 1354 3646 etc.
1377 3593 1426 3646 iis.
1443 3593 1555 3659 teron..
1567 3597 1674 3650 ntortaie
1684 3600 1789 3668 aiiquod

995 3670 1127 3728 peccatnur
1140 3662 1267 3713 inventum
1282 3664 1357 3730 [uerit
1372 3662 1399 3715 in
1413 3679 1443 3715 en
1458 3681 1581 3729 persono,
1596 3675 1620 3721 et
1634 3672 1787 3726 coneictnnt.

1032 3740 1040 3780 t
1064 3730 1102 3785 ita
1115 3733 1194 3785 coriti.
1212 3731 1290 3785 Vinci.
1307 3733 1397 3804 iiardy
1409 3743 1436 3787 et
1447 3734 1506 3789 Vnt.
1524 3736 1589 3805 iirg.
1613 3739 1690 3807 Apud
1704 3743 1791 3808 Ques-

996 3801 1109 3866 uciiuru,
1124 3801 1163 3854 De
1178 3803 1412 3866 praevaricatorum
1426 3821 1562 3860 cononum.

1032 3869 1045 3909 ¹¹
1063 3872 1163 3939 Quesu.
1179 3871 1205 3925 io
1220 3883 1306 3940 textu,
1320 3874 1442 3929 destntna
1454 3877 1495 3930 aui
1506 3878 1605 3931 ordine.
1617 3878 1789 3934 Correxinvos

995 3955 1029 3995 en
1048 3960 1114 3999 russ.
1131 3943 1200 3997 Pitit.
1215 3954 1242 3998 ct
1258 3944 1393 4010 indicit..
1415 3950 1511 4011 tpuiirus
1535 3947 1695 4016 suffragatur
1709 3952 1789 4004 ctiam

995 4012 1079 4068 codex
1094 4015 1198 4067 torua.
1213 4015 1247 4068 air
1269 4017 1363 4069 eodem
1379 4017 1523 4080 Qttcsueiio
1537 4017 1658 4072 laudatus
1673 4019 1699 4072 io
1716 4031 1790 4073 utar-⁸

994 4084 1066 4150 gine.
1092 4086 1142 4139 tis.
1159 4085 1256 4138 Veron.
1273 4101 1334 4137 oum
1350 4088 1421 4156 soig.
1439 4089 1518 4154 isid,
1540 4091 1571 4141 de
1582 4099 1649 4141 statu
1662 4090 1702 4141 tvai
1716 4090 1787 4142 eiavi.

1035 4151 1044 4189 ¹
1070 4154 1108 4208 ita
1132 4156 1192 4210 cod.
1222 4155 1365 4223 stromate,
1380 4159 1537 4213 concinente
1561 4172 1612 4211 tvvs.
1639 4159 1788 4214 iiiodcirou.

996 4222 1247 4296 Exemplarpiiardy
1263 4242 1270 4279 τ
1289 4224 1326 4277 De
1339 4229 1486 4296 apareroitia,
1504 4230 1555 4283 siue
1566 4230 1713 4297 spnesoctir.
1729 4228 1789 4282 iiat.

997 4293 1079 4363 tang,
1101 4296 1138 4349 De
1151 4295 1300 4350 anniten'ins
1320 4313 1384 4365 quat
1399 4299 1523 4369 synectas
1542 4298 1614 4371 [iege
1630 4299 1786 4371 synesactas]

995 4377 1095 4419 nacarat.
1112 4367 1208 4420 Verrio.
1224 4366 1297 4429 isto..
1312 4367 1349 4421 Ite
1359 4369 1790 4439 audiaarraductsvivatioritnrqaaa

995 4435 1080 4490 tia-oca·
1093 4444 1237 4508 rpvresoctos
1249 4449 1349 4490 nocant.

1031 4516 1050 4543 ⁰¹
1072 4508 1142 4564 idem
1157 4508 1257 4562 tarnat.
1274 4508 1336 4562 isid.
1352 4506 1425 4561 addit
1440 4508 1524 4563 dicere.

1033 4585 1046 4613 ¹¹
1071 4576 1142 4633 idem
1157 4579 1218 4634 cod.
1235 4578 1345 4643 Veron,
1361 4586 1406 4630 ont
1417 4580 1466 4645 tio,
1479 4580 1505 4632 id
1518 4586 1565 4643 est,
1576 4578 1665 4643 amito,
1679 4579 1718 4633 net
1731 4595 1787 4632 nta-

996 4657 1097 4712 trrtern.
1115 4649 1194 4712 Vuis.
1209 4648 1284 4714 istd„
1298 4659 1341 4701 out
1354 4649 1474 4711 animant
1487 4650 1575 4710 amita,
1590 4649 1630 4703 nei
1640 4658 1790 4714 matertera,

999 4719 1062 4772 troia
1075 4721 1155 4774 ambo
1171 4721 1197 4774 iri
1213 4720 1292 4773 codd.
1308 4718 1381 4787 isid„
1396 4735 1506 4785 tratttqtte
1530 4719 1592 4774 todia
1615 4722 1731 4788 personis
1733 4756 1788 4780 .....

996 4790 1079 4860 optaris
1089 4806 1147 4862 pote
1158 4808 1189 4845 en
1203 4789 1350 4844 mutieribus
1364 4800 1410 4853 est,
1424 4793 1546 4862 asspicio.

1025 4869 1045 4932 ,⁰
1065 4862 1151 4917 Codri.
1165 4862 1245 4929 tiro,
1260 4861 1359 4917 Varort.
1374 4876 1437 4916 cuuv
1456 4867 1525 4932 vuig.
1541 4861 1615 4924 isid,
1631 4864 1694 4933 opit.

1032 4942 1046 4982 o
1066 4933 1103 4988 ita
1120 4943 1174 4988 tres
1186 4933 1278 4998 codd,
1294 4931 1425 4997 vindob..
1444 4935 1512 4988 iiord
1536 4974 1543 4997 ,
1558 4943 1585 4988 et
1604 4933 1686 4996 titia,
1700 4932 1792 4986 couri·

995 5015 1076 5058 neate
1091 5019 1140 5057 ovs.
1159 5003 1218 5059 iat.
1232 5001 1298 5073 iieg.
1314 5001 1491 5070 Quesneiius‚
1510 4950 1548 5058 iic
1562 5004 1723 5057 ordinatiane
1736 5002 1789 5072 epi·

994 5089 1140 5136 scoparum.

1030 5152 1045 5192 s
1065 5145 1164 5198 Veron.
1179 5159 1229 5198 ms.
1242 5152 1268 5197 et
1281 5143 1350 5212 voig.
1367 5142 1430 5197 isid.
1446 5142 1536 5198 deient
1548 5143 1675 5207 inarime
1685 5149 1714 5195 et
1727 5139 1787 5197 dein

997 5212 1096 5267 iravbent
1109 5217 1141 5265 ao
1157 5214 1287 5277 omnibns,
1299 5215 1321 5267 ti
1335 5213 1391 5278 lieri
1405 5222 1494 5279 potest.
1508 5217 1561 5282 pati.

1036 5296 1046 5320 f
1070 5285 1156 5339 Voces
1170 5286 1196 5337 in
1212 5300 1290 5337 arram
1307 5284 1454 5352 adjecimus
1470 5299 1504 5339 cx
1528 5281 1639 5338 i'iudcir.
1660 5292 1687 5336 et
1707 5282 1789 5343 etan..

996 5354 1092 5422 prtinus
1107 5355 1267 5421 astipuiatur
1282 5354 1377 5407 ieron.
1393 5365 1419 5408 et
1432 5355 1503 5425 vuig.
1522 5355 1584 5410 isid.
1608 5354 1638 5408 ili
1662 5358 1790 5425 prastrervvi

995 5426 1087 5481 drieot
1105 5426 1267 5481 antecedens
1287 5424 1441 5479 adveririom
1459 5431 1563 5484 omnino
1578 5442 1587 5480 ε
1603 5442 1653 5498 pro
1666 5440 1719 5496 spuo
1736 5439 1789 5480 ms.

995 5496 1065 5552 i‘itir.
1086 5498 1165 5551 irairet
1184 5496 1342 5551 ontaimodo.

1032 5579 1043 5605 ⁸
1069 5570 1165 5625 ieron.
1185 5585 1246 5624 curu
1263 5569 1336 5639 vuig.
1352 5566 1433 5631 isid,
1456 5575 1605 5625 emeruerant
1619 5568 1665 5641 qni
1677 5567 1792 5624 sirenus

993 5653 1053 5696 sunt
1068 5658 1216 5697 consensum
1229 5641 1318 5697 titteris
1333 5648 1441 5695 tenerent.
