4000 6175
284 243 337 301 679
669 326 676 335 ἡ
744 254 914 313 APPENBlX
934 259 981 314 AD
1000 261 1029 318 S.
1051 263 1172 323 [1⁴20le
1191 269 1296 328 utoni
1315 273 1439 334 OPERA.
1830 310 1871 363 pop

284 342 437 413 Florianum
474 355 778 433 constantinopolitane
808 366 881 423 urbis
914 370 1195 446 episcopumAqund
1211 381 1358 451 antiquitus
1381 385 1407 441 in
1429 386 1481 445 tide
1498 393 1665 465 predicitur,
1687 400 1806 467 immobile
1826 418 1872 474 bne

283 458 404 505 nostruin
418 450 477 506 data
492 453 681 521 predicatione
704 456 873 515 lucidissimae
887 460 1006 518 veritatis
1021 478 1068 520 es·
1123 465 1225 535 dicens,
1241 480 1303 528 ante
1316 475 1405 531 omnia
1422 480 1514 535 statuit
1529 494 1556 538 ut
1567 495 1742 551 trecentorum
1754 499 1828 560 dcccii
1849 527 1871 564 ur

285 540 383 610 petiuit.
401 540 538 596 Coniiteir
560 557 641 597 unum
661 546 839 618 eumdemque
861 550 999 608 bominum
1023 570 1070 610 no·
1121 568 1183 613 octo
1197 560 1304 619 Patrem
1330 569 1523 629 venerabilium
1536 573 1603 634 ides
1617 580 1714 639 itiibaia
1736 602 1868 658 permanen.

282 638 367 686 strum
382 630 471 684 iesum
485 630 632 702 Christum,
648 635 811 707 unigenitum
826 640 874 697 Dei
886 642 982 707 Patris,
996 659 1071 700 enm·
1122 650 1154 704 Et
1165 663 1275 725 propter
1296 673 1343 715 cos
1358 661 1466 732 quidem
1481 669 1526 738 qui

283 719 345 775 dcru
361 727 373 756 ⁸
389 718 416 773 io
432 718 535 775 Deitate
558 722 715 793 perlectum,
730 729 853 785 eumdem
865 731 892 786 in
907 731 1071 792 immanitate
1122 751 1233 810 tuniur,
1261 760 1320 802 caro
1349 752 1537 825 traditionem,
1560 775 1640 831 quarn
1668 767 1694 822 in
1718 777 1868 843 angustissima

282 809 365 864 Deum
379 823 452 877 rere,
468 820 495 865 et
508 810 643 869 bominem
652 830 731 883 rere;
747 818 833 889 ipsum
846 823 1024 896 eumdemque
1036 841 1070 883 er
1120 829 1412 908 Constantinopolitano
1424 845 1490 902 orbe
1499 859 1603 919 postca,
1620 864 1775 931 ennii-epiris
1784 883 1868 928 centon
1931 890 1932 893 ¹

281 897 367 955 anima
378 900 504 957 rationsli
519 914 545 957 et
555 917 646 971 carne,
660 910 915 970 consubstantialem
934 914 1006 975 Patri
1026 931 1070 973 se·
1121 922 1350 997 eiquinqurqinia
1362 931 1494 1005 Patribus,
1507 939 1541 996 de
1555 943 1701 1004 substantia
1720 959 1795 1014 sancti
1806 961 1870 1034 Spiri-

282 989 398 1044 cundum
421 989 562 1056 licitatero,
586 998 838 1056 consubstantialem
853 1004 976 1061 eumdem
991 1007 1069 1065 nobis
1121 1020 1163 1066 tirs
1176 1013 1264 1071 iuerat
1281 1017 1399 1092 decreta,
1420 1029 1571 1088 conlirmat.
1588 1036 1662 1095 lianc
1683 1047 1773 1103 cicoim
1792 1059 1871 1111 cunctis
1931 1110 1932 1137 ,

284 1076 456 1147 bsecundum
472 1081 703 1153 humanationem
718 1089 745 1144 in
758 1092 882 1149 omnibns
902 1096 981 1152 nobis
994 1098 1070 1154 siroi-
1120 1098 1289 1163 innotescere
1312 1115 1452 1171 memorati
1477 1118 1609 1191 iecerunt,
1631 1144 1684 1186 noo
1709 1139 1777 1205 quasi
1794 1142 1870 1214 ailquid
1931 1146 1932 1219 l

284 1168 338 1224 lein
359 1170 460 1240 absque
475 1183 601 1241 peecato;
625 1185 687 1233 ante
710 1180 807 1236 secula
822 1184 929 1253 quidem
942 1186 1068 1245 dePstre
1112 1191 1871 1298 ,deessetprecedentibusindicentcs,scddeSpiritusincto
1931 1222 1932 1297 ἶ

280 1260 399 1329 genitum
412 1263 557 1319 secuudum
577 1265 717 1336 ociorem,
734 1270 759 1326 in
769 1273 921 1329 novissimis
933 1290 998 1333 reio
1009 1279 1068 1334 dic·
1117 1286 1180 1354 quid
1197 1288 1246 1357 ipsi
1258 1293 1400 1365 sentirent,
1413 1310 1504 1357 contro
1521 1306 1581 1365 illos
1595 1313 1640 1380 qui
1652 1315 1708 1385 ejus
1720 1326 1828 1389 potestati
1838 1343 1870 1383 rc·
1890 1311 1896 1322 ⁴

282 1348 342 1418 bus,
358 1351 481 1406 eumdem
496 1363 605 1425 propter
623 1371 673 1412 nos
688 1366 716 1414 et
733 1372 843 1432 propter
857 1373 975 1421 irostram
996 1369 1067 1423 sirio·
1118 1375 1215 1447 irsqari
1226 1385 1314 1438 conati

281 1449 334 1493 tem
349 1439 384 1495 de
400 1440 506 1510 Virgine
520 1444 611 1512 llario,
635 1462 696 1518 quae
719 1452 843 1509 eumdem
866 1454 948 1511 licum
963 1458 1067 1527 peperit
1118 1468 1171 1523 iiiiii
1184 1470 1257 1527 illust

280 1528 426 1584 secundum
447 1530 650 1603 humanitatem,
683 1554 764 1595 unum
788 1542 965 1616 eumdemque
987 1546 1066 1604 cbri-

279 1629 362 1685 stum,
377 1620 472 1677 Filium
490 1624 548 1691 liei,
564 1626 705 1685 iioininuiu
730 1632 894 1706 unigenitum
919 1639 946 1694 in
960 1639 1065 1697 duabus

1549 686 1609 727 cum
1623 674 1729 746 Spiritui
1740 684 1828 746 obtare
1837 694 1869 748 ni·

1328 1396 1766 1473 sunt,ssoctarumScriptoraium
1776 1417 1869 1473 testimo·

1259 1484 1360 1533 rantes.
1376 1479 1489 1552 Propter
1502 1502 1550 1544 eos
1562 1502 1653 1550 autern
1671 1501 1714 1569 qui
1724 1502 1869 1575 dispensatio
1931 1512 1932 1517 ’

1118 1555 1160 1612 nis
1171 1557 1318 1621 bonintiae
1332 1575 1468 1629 tentamus
1490 1590 1646 1646 pervertere
1659 1603 1869 1666 morimontensi
1931 1602 1932 1653 l

1116 1645 1196 1719 302
1208 1648 1343 1711 bominem
1358 1659 1444 1717 solum
1458 1664 1491 1719 de
1514 1680 1607 1728 sancta
1623 1675 1704 1734 liaris
1719 1681 1807 1754 iquiue
1817 1703 1867 1758 pro·
1931 1756 1932 1759 Ἴ

279 1713 392 1777 naturis,
428 1715 575 1787 inconfuse,
601 1719 850 1794 incontentibiliter,
873 1736 900 1783 ct
919 1729 1064 1800 inditione,
1081 1729 1237 1795 Boreatnm
1250 1749 1867 1845 essevaniloquiissuisautumantimpmdentcr,
1931 1768 1932 1805 ³

278 1809 305 1858 ct
317 1801 530 1872 inseparabiliter
543 1809 677 1880 cognitum
694 1831 700 1866 :
717 1829 885 1886 nequaqnam
908 1829 1064 1878 naturarum
1117 1833 1202 1888 saneti
1215 1833 1319 1907 cyrilli,
1336 1842 1382 1911 qui
1393 1844 1584 1910 alexandrinae
1598 1856 1648 1913 iiiii
1661 1872 1747 1930 pastor
1758 1865 1867 1935 Ecclesia,

278 1888 427 1947 dilicrentis
454 1894 560 1950 subtura
584 1908 694 1970 propter
715 1905 880 1975 unitionem
905 1908 1064 1984 sedpotios,
1117 1922 1259 1992 synodales
1284 1928 1412 1997 epistolas
1444 1937 1478 1993 ad
1505 1940 1661 2005 Nestorium
1686 1955 1787 2026 scriptas
1807 1970 1867 2030 atquc
1931 1984 1932 2013 i

278 1980 352 2036 salia
363 1994 488 2040 minente
499 1988 660 2058 proprietate
672 1994 809 2066 utriusque
820 2009 934 2067 naturae,
948 2000 975 2057 in
985 2017 1065 2060 uuam
1115 2012 1265 2075 orientales
1280 2019 1370 2094 utique
1380 2026 1432 2083 sibi
1445 2036 1649 2109 convenientes,
1661 2048 1773 2117 amplexa
1785 2062 1827 2119 est,
1842 2055 1867 2107 si

279 2084 331 2125 noo
352 2070 379 2125 in
398 2071 465 2129 duas
479 2078 650 2136 concurrisse
667 2097 814 2154 personam
827 2089 875 2145 sed
889 2103 970 2147 unum
990 2104 1067 2149 eum·
1115 2116 1161 2174 arg

263 2158 392 2232 'deinque
408 2173 418 2201 ⁶
436 2163 531 2221 Filium
546 2168 813 2240 unigentiumabenm
830 2179 957 2252 Verbum,
972 2183 1064 2242 Domi·
1115 2197 1291 2264 pretationem

276 2265 341 2306 num
366 2253 457 2310 iesum
477 2254 615 2316 Christum
635 2264 705 2321 sicut
719 2267 783 2323 olim
800 2272 935 2342 prophete
960 2275 994 2332 de
1018 2291 1063 2346 eo,
1114 2285 1283 2348 saluberrimi

275 2342 319 2396 sel
333 2342 391 2413 ipse
412 2360 461 2401 nos
475 2346 598 2407 cbristus
613 2358 849 2430 persemetipsum
864 2362 992 2423 Dominus
1002 2381 1064 2425 eru·
1114 2373 1167 2432 ism
1182 2393 1289 2455 quoque

276 2429 352 2486 divit.
381 2434 431 2501 Qui
453 2449 542 2493 autem
575 2440 611 2496 ita
645 2444 724 2517 301

276 2520 398 2580 Nestorio
413 2536 441 2582 ct
453 2527 597 2602 bniycbed
612 2536 652 2591 iel
663 2551 755 2595 eorum
770 2547 949 2604 sectatoribus
962 2558 1063 2609 eterno
1111 2570 1161 2615 san

1162 2569 1213 2618 cia
1231 2570 1368 2627 memorie
1380 2574 1585 2654 archiepiscopo
1606 2590 1737 2662 scriptum,
1757 2596 1786 2652 ad
1803 2612 1865 2668 erpi·

275 2616 445 2681 anathemate
456 2622 552 2694 dignos
567 2641 627 2684 esse
640 2634 795 2701 pronuntio.

1111 2652 1244 2720 qmiidaru
1268 2660 1407 2728 pravitatis
1423 2666 1600 2742 Eutychianos
1618 2682 1762 2752 pcrlldiam,
1778 2696 1803 2742 ut
1818 2697 1865 2758 poti

522 2753 721 2820 cqpquu
744 2765 811 2824 m·
881 2747 883 2749 ’
1111 2743 1222 2800 mssiuii
1247 2745 1318 2805 Petri
1332 2753 1494 2815 confessioni
1509 2763 1606 2823 sanioris
1631 2776 1823 2845 convenientem,
1843 2787 1864 2832 ii

466 2865 494 2879 ,,
729 2877 735 2887 ,
943 2886 950 2900 ,
1112 2832 1186 2912 reiut
1205 2838 1399 2900 monimentum
1414 2848 1551 2920 cujusdam
1567 2867 1663 2918 sicinae
1682 2866 1813 2920 communis
1829 2881 1864 2922 ei·

362 2861 510 2933 ‘Definitio
530 2881 625 2926 sunctoe
643 2876 735 2945 synodi
749 2874 972 2942 Chalcedonensis.

1108 2932 1236 2997 stantem,
1250 2941 1343 3005 contra
1364 2937 1474 2997 cubitos
1488 2940 1633 3007 hereticos
1644 2956 1736 3011 merito
1747 2957 1862 3025 copularit,

308 2969 350 3025 Ad
366 2979 578 3043 cognoscendam
592 2982 700 3051 quidem
717 2988 980 3066 mnornsndunrque
1000 3014 1060 3071 per·

273 3058 417 3119 lectissime
431 3066 556 3135 pietatem
567 3074 793 3136 coiisolrissiinuin
806 3084 871 3141 satis
886 3086 937 3145 lroc
960 3081 1096 3152 dirinaeC

271 3150 362 3218 gratie
387 3155 537 3223 symbolum
562 3162 820 3241 saluberrimumque
845 3175 989 3238 suidceret.
1019 3185 1059 3243 liii

272 3239 351 3296 Patre
365 3259 479 3317 namque
492 3254 520 3306 ei
531 3250 609 3322 liiiio,
622 3269 655 3313 ac
670 3257 771 3327 Spiritu
792 3276 897 3338 sancto,
913 3276 983 3343 quod
999 3276 1058 3347 pie-

270 3333 379 3391 nissime
393 3336 479 3395 iuerol
493 3343 667 3403 institutionis
680 3347 799 3423 edocuit,
808 3364 837 3413 et
846 3358 1057 3425 incarnationem

270 3423 375 3483 bomini
402 3426 516 3489 fideliter
537 3436 735 3507 excipientibus
761 3447 900 3507 euidenter
927 3453 1054 3517 insinuat.
1107 3477 1208 3537 nemin

270 3514 368 3573 Verum
381 3521 505 3591 quoniam
519 3525 627 3596 quidem
645 3544 676 3586 eo
688 3548 747 3604 quai
759 3537 862 3596 sincera
874 3546 972 3604 veritas
985 3564 1054 3620 prie-
1105 3572 1176 3633 cim
1190 3577 1216 3625 eq

269 3605 339 3663 dicat
353 3610 502 3682 depravare
519 3620 618 3688 conati,
633 3635 716 3680 nortis
728 3626 821 3685 auditu
835 3646 899 3690 suas
914 3635 1055 3699 benencas
1105 3670 1254 3732 essequam
1266 3666 1299 3723 de
1314 3670 1391 3727 nobis
1404 3681 1551 3749 assumpsit
1564 3686 1617 3744 sibi
1630 3688 1740 3746 lormam
1749 3691 1859 3753 scriilcni,

268 3696 394 3768 peiliilias
420 3703 574 3776 ediderunt,
599 3719 627 3767 ct
652 3713 696 3769 alii
756 3717 762 3731 ⁶
868 3726 874 3737 '

1104 3746 1261 3824 delirantes,
1275 3763 1451 3835 esterinioat,
1468 3786 1584 3830 necnon
1598 3788 1625 3834 et
1634 3795 1680 3837 eos
1691 3783 1732 3852 qui
1745 3781 1802 3837 duas
1813 3778 1859 3849 iti·

1103 3840 1164 3898 dent
1179 3854 1240 3903 ante
1257 3850 1416 3924 unitionem,
1443 3875 1522 3919 unam
1538 3881 1603 3926 sero
1625 3882 1684 3942 post
1701 3872 1828 3929 unitionem
1840 3871 1859 3924 itt

1104 3932 1213 3992 cbristo
1228 3949 1336 3999 italutas
1350 3944 1472 4007 iabolose
1483 3956 1652 4028 conssnpuni,
1665 3961 1860 4018 anaiicnaiiini

1110 3106 1175 3163 darii
1185 3119 1214 3167 et
1227 3112 1255 3168 iii
1269 3114 1337 3175 ditos
1347 3118 1418 3178 iiiios
1428 3122 1639 3196 dispensationis
1658 3139 1803 3197 tentantibus
1812 3139 1863 3196 diri-

1109 3195 1175 3253 dera
1186 3214 1384 3265 sacramentum
1399 3214 1498 3273 restitit
1515 3218 1660 3296 bostilitcr,
1673 3237 1700 3286 et
1717 3246 1759 3288 eos
1771 3232 1808 3304 qui
1817 3246 1863 3302 pss-

1222 3478 1328 3539 duabus
1346 3485 1446 3549 Christi
1465 3499 1568 3555 natulis
1588 3507 1788 3580 excogitantibus
1806 3506 1862 3564 islo·

270 3789 413 3849 [lominica
426 3807 633 3870 sacramentum,
645 3806 717 3876 quod
735 3813 821 3869 nostri
834 3829 914 3873 causa
927 3832 970 3877 est
982 3826 1054 3882 ceie-

268 3881 383 3952 bratom,
395 3887 452 3942 ausi
461 3888 536 3948 inere
545 3907 729 3968 eorrumpere,
743 3900 830 3959 duuia
841 3918 933 3965 sancta
945 3912 1054 3984 llirqine

267 3979 370 4039 parturn
385 3981 548 4046 processisse
560 3984 680 4042 divinum
692 3990 766 4046 iocis
778 3993 955 4066 abnegatione
973 4003 1053 4061 dissi·

1036 4498 1050 4510 ·
1102 4493 1135 4534 es
1149 4479 1237 4538 anima
1252 4485 1417 4546 rationaiict
1428 4506 1550 4565 corpore,
1566 4503 1809 4560 consubstantialem
1819 4499 1858 4554 Pt-

440 4530 446 4543 ‘
495 4532 501 4545 '
580 4539 708 4599 veniente
730 4546 824 4605 rolens
838 4565 886 4608 eos
906 4556 1049 4619 excludere
1102 4570 1136 4623 iri
1149 4571 1296 4628 secundum
1304 4575 1445 4649 Deitatem,
1457 4587 1707 4649 consubstantialem
1719 4592 1789 4649 nobis
1799 4603 1858 4645 iuni·

262 4627 321 4683 qnae
331 4619 411 4674 modo
423 4631 523 4691 presto
537 4636 578 4683 est
591 4639 684 4687 sancta
697 4643 725 4690 et
738 4651 833 4709 mairia
847 4641 906 4701 baec
915 4651 1045 4727 synodos,
1101 4657 1161 4715 dein
1174 4663 1320 4720 secundum
1335 4666 1537 4745 humanitatem,
1547 4694 1596 4749 per
1604 4684 1693 4739 oninis
1705 4683 1809 4740 similem
1819 4692 1857 4734 uo·

725 4824 731 4841 .
746 4786 916 4866 Quesnelius,
939 4801 965 4854 in
985 4803 1050 4860 diii-
1102 4820 1205 4881 partem
1218 4822 1363 4880 'antumant
1377 4827 1462 4885 unica
1477 4829 1638 4892 delinitionis
1652 4848 1749 4909 quartae
1769 4832 1856 4906 sintii·

342 4875 349 4890 ·
1101 4883 1167 4937 Eam
1182 4884 1225 4942 bic
1241 4895 1478 4966 pretermittimus,
1496 4909 1551 4957 tnru
1588 4908 1629 4961 uia
1644 4923 1696 4963 oon
1708 4898 1817 4962 'babetur
1834 4905 1855 4955 in

295 4902 310 4944 1’
325 4905 435 4976 florele,
452 4916 591 4970 suendum
602 4919 797 4982 liumoniiotciis.

298 4985 309 5014 e
367 4977 414 4990 ..
517 4986 542 4997 ..
766 4999 771 5009 Ι
1102 4953 1247 5012 broniensi
1261 4960 1365 5044 codice,
1377 4974 1432 5020 turn
1443 4972 1515 5051 qood
1528 4975 1593 5057 nibil
1605 4978 1679 5058 aliud
1691 4976 1725 5033 sit
1735 4990 1805 5101 quasti
1815 4971 1856 5053 lili·

323 4976 476 5047 Adjecnnus
490 4983 586 5040 Filium
600 5002 661 5044 cuin
676 5007 727 5049 ms.
741 4995 821 5054 Virid.
833 5011 861 5058 et
872 5003 972 5066 Burcb.
988 5010 1049 5070 iios
1102 5035 1145 5075 ma
1160 5035 1274 5092 quatuor
1288 5045 1442 5104 versionum
1463 5053 1489 5094 in
1504 5046 1663 5101 edrtrombus
1675 5046 1742 5103 Grsb
1761 5064 1777 5113 i,
1790 5050 1855 5103 billi·

262 5044 334 5101 idem
347 5046 447 5106 Bnreli.
463 5067 512 5122 pro
521 5057 623 5112 serbsm
637 5059 717 5117 babet
725 5081 819 5124 neroni.
1127 5091 1133 5103 ·

1102 5089 1226 5159 Nicolini,
1238 5106 1306 5165 cto,
1321 5118 1494 5176 excusorum,
1508 5128 1575 5182 quas
1588 5118 1699 5187 quisque
1712 5118 1782 5171 iscile
1796 5112 1856 5167 adlit

296 5113 407 5174 diociis
425 5123 465 5176 τά
478 5139 565 5178 eornm
577 5134 778 5215 tortitudines
793 5140 942 5208 onerario
965 5154 1048 5209 omis·
1102 5162 1198 5230 possit.
1210 5165 1328 5241 benique
1343 5174 1435 5230 cadent
1450 5178 1571 5241 definitio
1584 5188 1703 5255 superius
1716 5183 1817 5240 babetur
1827 5194 1853 5235 st

260 5197 306 5240 sas
317 5187 396 5243 codd.
410 5189 488 5246 lind.
501 5205 526 5248 ci
538 5193 637 5254 Burcb.
651 5206 865 5273 suppeditarunt.

1100 5230 1151 5285 aila
1166 5236 1323 5293 tersionein
1335 5245 1450 5313 capitulo
1461 5249 1498 5305 25
1511 5264 1572 5321 post
1585 5256 1646 5310 iidei
1660 5254 1814 5327 symbniomt
1832 5257 1854 5328 {¹

296 5263 309 5294 ⁸
322 5255 481 5321 Quesnelius
494 5263 554 5320 iruie
568 5271 824 5344 capituloejusmodi
836 5284 1046 5350 admonitionem

1098 5301 1135 5354 ita
1155 5300 1272 5371 incipit:
1289 5309 1430 5378 suffecerat
1451 5321 1554 5389 quidem
1567 5325 1601 5377 ori
1623 5324 1759 5394 plenariam
1770 5323 1854 5391 pinetis

259 5328 396 5392 premisit.
417 5349 426 5380 i
445 5331 474 5386 iu
493 5333 622 5393 Tboaneo
646 5344 738 5401 codice
757 5355 929 5419 premittitur
942 5360 1046 5432 legibus

1097 5371 1262 5443 “imiimi
1278 5387 1330 5436 etc.
1345 5383 1502 5445 illactenus
1517 5392 1642 5450 ilie-liunt
1676 5410 1748 5457 terii,
1762 5405 1808 5446 uno
1820 5399 1853 5440 re

259 5408 292 5447 ex
306 5395 492 5483 Theodosiano
505 5408 597 5463 codiee
607 5408 751 5538 ᾱοοττὲτιίε,
767 5436 826 5486 qne
838 5435 919 5494 caput
930 5428 966 5484 bi
981 5447 1045 5488 con·
1096 5442 1209 5497 certiori
1224 5442 1370 5506 (laoniensi
1386 5453 1478 5513 codiee
1488 5476 1609 5534 excepto,
1623 5473 1717 5520 cetera
1729 5463 1798 5544 libili
1807 5457 1853 5513 ⁰⁰¹·

258 5460 335 5546 dant,
344 5464 465 5552 Definitio
474 5485 570 5530 iuncte
580 5480 669 5562 mnndi
701 5484 911 5572 iolcedonesrsis:
926 5500 961 5553 iia
972 5503 1044 5558 enim
1097 5510 1220 5570 lectionis
1233 5519 1395 5589 exemplaria
1408 5525 1477 5584 lianc
1487 5530 1668 5590 definitionem
1677 5533 1814 5594 eibibisolt
1826 5538 1851 5578 ⁶³

258 5530 295 5585 rbi
309 5542 462 5595 inscribitur
476 5551 603 5601 tractatus
617 5551 661 5606 iile
673 5569 751 5622 quent
766 5561 898 5620 editiones
911 5569 1045 5640 antiquio·

527 5615 532 5626 .
1096 5577 1130 5632 ab
1148 5583 1268 5651 eiusdem
1291 5590 1458 5654 collectionis
1481 5599 1628 5661 editoribus
1650 5594 1851 5674 pretermittenda

257 5612 302 5657 res
319 5606 429 5665 alteram
453 5610 634 5674 definitionem
658 5626 804 5699 appellant,
831 5637 953 5694 nonnulli
976 5654 1043 5698 iero
1094 5662 1148 5705 oon
1161 5651 1218 5710 init.

1163 2107 1282 2196 nendum
1304 2112 1411 2183 quidem
1425 2118 1612 2186 liestorianam
1631 2132 1790 2208 dementiam,
1806 2142 1867 2201 iiior·

1317 2220 1382 2263 rere
1396 2209 1610 2277 desiderantium
1627 2224 1671 2295 pio
1689 2230 1743 2286 icio
1755 2235 1866 2306 concipere
1931 2266 1932 2327 i

1296 2301 1457 2357 sacrementi
1483 2311 1656 2370 senteutiam.
1676 2318 1769 2386 Quibus
1788 2326 1866 2397 episti-
1931 2354 1932 2387 i

1312 2387 1460 2451 beatissimi
1483 2398 1619 2462 iiomanie
1640 2411 1786 2483 antiquioris
1809 2417 1864 2472 urbis
1931 2404 1932 2473 l

756 2464 810 2505 noo
835 2455 963 2525 sentiunt,
1001 2471 1062 2514 com
1112 2468 1240 2530 substitio
1264 2485 1345 2549 atque
1368 2483 1526 2547 venerabilis
1550 2508 1630 2567 papae
1652 2500 1742 2560 Leonis
1763 2506 1865 2562 iberiam

1109 3024 1140 3069 ut
1152 3027 1227 3075 recto
1235 3021 1352 3097 dogmati
1367 3042 1415 3087 sus
1430 3030 1543 3093 iirmitas
1554 3038 1712 3103 inconcussa
1725 3056 1861 3119 permaneat.
1931 3062 1932 3065 ’

1108 3287 1193 3347 sibilis
1209 3294 1309 3353 audent
1327 3300 1465 3374 dignitatis
1479 3310 1654 3386 Unigenitum
1667 3322 1761 3393 dicere,
1774 3325 1862 3396 eotteqto
1931 3381 1932 3414 ,

1107 3383 1268 3443 sacerdotali
1291 3391 1424 3466 detrudit;
1447 3402 1710 3470 etcoulusioncruet
1725 3415 1862 3471 commistio·
1931 3451 1932 3454 =

1231 3573 1369 3634 coelesiem
1384 3583 1426 3638 sel
1443 3587 1554 3646 atterius
1578 3596 1713 3667 enjusdam
1733 3595 1861 3655 inmunia
1931 3581 1932 3586 ἵ
