4000 6175
1089 118 1118 149 ’Ἀ

196 292 247 355 rm
658 296 702 353 to
720 294 834 350 ornat
853 290 882 347 s
901 288 1024 345 nnours
1043 288 1147 345 uuum
1169 291 1348 349 toreuma.
1764 304 1818 359 rm

197 413 324 461 discerent
345 406 484 479 peregrina
503 406 582 483 [bopo
601 405 684 478 reste]
707 404 867 460 restituente
891 401 929 456 uti
950 399 984 454 ed
999 400 1024 459 A
1040 405 1047 454 l
1064 406 1097 459 Et
1109 409 1276 474 propterlrue
1287 410 1411 480 exposuit
1423 409 1644 481 sanctasynodus
1656 412 1831 484 singulaque.¹

197 500 823 574 ruinamlbepecommunionislcommuttionem
834 497 983 568 pertinere,
1039 499 1265 558 anathematizare
1282 502 1395 577 [Supplr
1409 499 1536 573 debent]‚
1556 515 1584 557 et
1597 503 1637 558 sie
1649 504 1750 573 suscipi
1769 520 1829 561 eos.

197 605 390 665 tttitgl‘egaitles
404 596 505 651 lructus
521 595 549 650 Ei
558 594 648 651 clesite
660 638 668 663 ‚
680 603 707 648 et
720 590 940 658 oblationesque
954 587 988 641 ab

198 685 275 739 irritis
289 686 392 740 troitus
403 694 465 739 suot
478 684 614 748 Ecclesiae,
627 684 660 738 nd
676 681 835 750 semetipsos
852 681 985 743 tulletum,

199 788 223 829 er
235 775 290 830 suis
303 775 452 831 rationibus
463 787 489 831 ct
502 790 613 840 eorum,
627 776 671 844 qui
685 790 745 830 curn
760 773 824 845 ipsis
832 783 905 840 sunt,
919 772 989 826 sicut

198 866 319 920 sonuisr
328 874 355 920 et
370 877 460 944 rugata
476 866 653 923 facientibus:
665 877 692 921 et
704 867 772 919 servi
786 880 801 920 e
815 862 932 918 dominis
945 877 988 918 se·

199 954 336 1023 cedentes,
351 966 378 1013 ct
396 959 422 1014 in
438 959 579 1028 peregrino
600 961 763 1014 vetimento
785 964 989 1013 coutemnentes

198 1064 263 1105 suos
274 1051 409 1119 deminus,
422 1059 450 1106 et
460 1051 587 1106 mulieres
597 1050 692 1106 ¹’extro
706 1050 928 1106 currsuetudioem
938 1063 988 1118 pre

200 1141 324 1197 muliebri
339 1142 499 1199 uestimento
514 1142 591 1198 uirile
602 1142 758 1210 induentes,
775 1152 802 1197 et
818 1143 843 1196 in
858 1142 908 1196 boe
918 1140 990 1210 iudi-

199 1244 330 1291 santerre
341 1234 493 1305 justificari.
508 1234 695 1291 blultreautem
706 1236 847 1292 tondentes
860 1248 900 1301 se,
917 1246 928 1273 ⁰
944 1250 990 1290 uc·

203 1328 313 1383 cusiene
325 1326 470 1383 venerabili
485 1335 579 1381 notura
598 1327 753 1396 eap‘rllorum
768 1327 909 1382 mulierum
925 1343 932 1380 ε
950 1327 991 1396 je·

200 1417 272 1485 iunio
280 1427 369 1472 autem
383 1420 409 1471 iu
420 1416 697 1483 dominicolarieules,
707 1429 733 1473 et
745 1418 894 1473 libertatem
905 1420 990 1473 sarrcti

200 1505 253 1562 diei
271 1515 490 1572 contemnentes;
513 1517 540 1562 et
556 1507 656 1577 jejunia
670 1523 731 1578 que
755 1510 780 1564 in
797 1509 917 1565 Ecclesia
929 1519 992 1565 sunt

201 1599 344 1654 constituta
356 1608 560 1656 contemnemus
575 1642 583 1664 ‚
598 1611 625 1656 et
638 1617 669 1656 er
685 1603 726 1658 eis
739 1602 847 1671 quidam
870 1604 992 1674 occipere

201 1709 296 1751 earnes
311 1695 446 1763 timentes,
459 1694 572 1767 etldepe
584 1696 609 1750 in
625 1695 759 1766 dentibus,
769 1696 893 1770 querum]
904 1699 928 1752 in
942 1698 990 1752 do·

1037 594 1065 650 Si
1081 605 1170 649 autem
1185 594 1280 665 aliquis
1296 608 1350 650 uon
1360 596 1530 655 consenserit
1544 593 1684 664 adeanuze
1698 605 1762 651 sunt
1775 597 1830 651 dis·

1039 688 1125 755 posita
1139 728 1146 751 ,
1172 687 1241 741 sicut
1254 685 1408 741 lraereticum
1423 700 1484 743 eum
1497 685 1639 742 anatiteura
1653 701 1715 743 esse
1730 686 1831 743 terren·

1039 780 1114 844 dum,
1126 790 1151 833 et
1166 792 1226 833 esse
1238 779 1509 841 excommunicatum.
1522 788 1550 835 et
1563 790 1716 849 separatum
1728 779 1765 835 ab
1779 781 1830 835 Ec·

1039 871 1130 925 elesiu.
1145 871 1257 939 oportet
1279 870 1360 925 eliens
1383 871 1526 940 episcopos
1544 871 1615 941 apud
1629 885 1738 937 utuues,
1756 872 1771 909 ¹
1786 872 1830 942 (μή

1040 959 1140 1014 intenti
1157 959 1255 1015 luerint
1270 960 1349 1025 tales,
1364 961 1421 1016 baee
1434 961 1582 1016 custodire.

1076 1051 1107 1106 Hi
1121 1067 1237 1106 conones
1253 1062 1312 1119 pust
1322 1051 1583 1122 mnsttorsynouuro
1598 1051 1733 1107 Nieurtam
1746 1067 1832 1123 erpo·

1040 1145 1082 1199 siti
1098 1142 1198 1199 suntin
1213 1144 1346 1214 Gangraru
1361 1142 1440 1216 [depe
1453 1143 1545 1215 titulis]
1563 1141 1572 1183 ¹
1590 1145 1682 1199 titulus
1693 1144 1752 1200 XL

1211 1236 1250 1291 De
1260 1237 1299 1290 irr'r
1312 1239 1354 1305 pei
1367 1237 1548 1290 abominentur
1561 1237 1674 1291 stultior.

1077 1332 1096 1385 Ι.
1112 1340 1132 1371 ¹⁰
1151 1330 1178 1387 Si
1194 1330 1254 1399 quis
1278 1329 1386 1383 nubtias
1398 1327 1578 1392 obsonum,
1596 1329 1638 1383 vel
1651 1328 1791 1399 queritur,
1809 1338 1835 1384 et

1041 1443 1100 1482 euru
1115 1440 1175 1495 quse
1193 1439 1256 1478 euru
1277 1422 1373 1475 utarito
1388 1436 1437 1475 stro
1451 1420 1672 1486 rlormierit,cum
1687 1421 1723 1475 sit
1744 1420 1835 1476 tidelis

1042 1529 1070 1575 et
1083 1516 1264 1577 venerabilis,
1280 1511 1464 1582 abominatur,
1476 1520 1523 1567 sut
1536 1513 1669 1578 emeritus,
1684 1511 1777 1566 diceus
1788 1526 1835 1566 cus

1041 1609 1074 1666 ad
1092 1622 1202 1677 regnum
1214 1622 1268 1661 nun
1283 1605 1482 1676 pessumire,
1497 1604 1640 1657 anatliema
1660 1603 1707 1658 sit.

1172 1702 1209 1755 De
1218 1701 1259 1755 itis
1268 1703 1312 1769 qui
1324 1701 1503 1754 abominentur
1514 1698 1588 1751 edere
1602 1712 1704 1751 cernes.

202 1800 270 1850 utros,
295 1786 372 1856 eujus
394 1786 493 1840 domiui
519 1787 672 1854 nubserint,
688 1803 765 1845 orare
778 1789 899 1845 uuleutes
912 1833 919 1857 ,
935 1789 949 1826 ¹
962 1800 990 1846 et
1005 1760 1028 1819 Β
1078 1793 1109 1850 ll.
1124 1803 1138 1831 ¹¹
1150 1793 1179 1849 Si
1192 1793 1251 1862 quis
1264 1791 1343 1865 [Lupe
1354 1792 1416 1847 edat
1426 1796 1450 1844 et
1461 1789 1552 1859 supple
1565 1784 1672 1857 carrus]
1682 1785 1767 1841 edens
1778 1787 1841 1842 abs·

203 1880 264 1932 rium
278 1877 499 1941 bunturotiones.
511 1889 731 1946 consensurum
745 1882 900 1937 multotiens
913 1882 990 1938 ebla-
1042 1904 1094 1958 que
1108 1884 1235 1954 serupulus
1254 1894 1282 1940 et
1302 1880 1471 1944 idololatria.
1492 1888 1519 1935 et
1533 1878 1673 1945 subeunte,
1697 1878 1746 1933 sed
1767 1892 1830 1934 euru

203 1972 309 2053 tiones!
330 1985 390 2040 quus
403 1971 470 2024 liunt
484 1972 510 2025 in
525 1970 619 2026 domos
631 1971 675 2041 qui
695 1972 844 2028 nubserunt
855 1989 909 2027 nuo
925 1976 992 2029 reci·
1044 1978 1218 2033 ueneratione
1228 1988 1255 2031 er
1270 1974 1322 2030 ilde
1331 1971 1376 2045 qrri
1386 1988 1447 2029 euro
1458 1970 1619 2026 condemnat
1633 1984 1682 2039 pro
1695 1968 1834 2040 buc531

203 2064 315 2132 peotes,
329 2072 357 2118 et
368 2073 380 2099 θ
393 2064 565 2135 pxesbyteros
578 2065 623 2133 uui
644 2065 782 2121 nubserint
796 2066 968 2137 reprobantes
983 2110 991 2134 ‚
1044 2073 1113 2142 qrrod
1126 2071 1230 2138 accepit
1258 2067 1336 2141 [lupe
1353 2064 1390 2138 er]
1403 2067 1427 2121 ei
1440 2065 1539 2122 dicerit
1552 2079 1613 2120 eum
1629 2078 1705 2134 spem
1725 2062 1838 2118 minime

203 2155 277 2211 etde
291 2167 465 2211 sacrosancto
485 2155 556 2225 qrrod
571 2156 605 2209 ab
621 2158 660 2212 eis
674 2156 849 2223 ministratur,
864 2174 918 2211 rrtm
929 2171 994 2212 eert-

204 2249 336 2317 tingentes
351 2287 359 2313 ,
375 2247 466 2302 etloea
482 2246 524 2302 ubi
541 2258 675 2318 martyres
690 2248 768 2317 positi
782 2259 860 2316 sunt,
875 2256 996 2303 centem·

206 2347 309 2405 nentes,
322 2352 351 2393 et
361 2339 406 2409 qui
418 2338 453 2393 ibi
463 2338 626 2394 eonreuiunl
638 2348 666 2395 et
675 2348 768 2408 agunt,
778 2339 993 2408 reprehendunt:

205 2442 234 2488 et
248 2434 345 2489 uit-ires
357 2435 403 2502 spui
419 2434 452 2489 ab
465 2448 545 2489 omne
557 2433 706 2489 substantia
721 2432 874 2489 diuitiarum
886 2448 939 2488 uun
955 2450 996 2488 re·

205 2520 304 2577 cedunt
316 2566 323 2589 ,
336 2539 410 2592 spem
428 2520 438 2560 ¹
454 2530 519 2592 aput
536 2522 679 2576 Dominum
702 2539 756 2577 nun
780 2523 878 2578 bultere
893 2525 995 2586 rtieuut.

206 2622 235 2665 et
254 2620 352 2680 quanta
374 2612 425 2666 alia
440 2626 501 2680 oute
518 2625 660 2667 numerare
676 2628 755 2667 nemu
779 2616 871 2682 possit.
894 2613 997 2683 Singuli

206 2704 276 2756 enim
290 2717 383 2758 eurum
400 2702 445 2772 uiti
461 2702 573 2777 5³0³
593 2718 697 2757 moene
718 2704 902 2759 ecclesiastice
921 2703 999 2779 [ispe

206 2794 348 2862 exierunt,
372 2805 395 2851 et
422 2795 551 2868 imbuere]
577 2796 665 2861 etlit,
690 2799 758 2853 sieut
782 2798 854 2868 leges
877 2800 999 2868 proprius

207 2887 309 2943 babuit.
331 2885 397 2954 Quia
414 2903 463 2942 uec
485 2884 563 2959 [depe
583 2886 745 2959 communis]
771 2890 998 2947 euroniunicarer

206 2982 259 3051 inm
275 2979 398 3033 uoluntas
415 2978 454 3032 eis
479 2977 527 3033 luit
546 2977 615 3034 :sed
631 2982 814 3052 ttnttsqtlisqtte
830 2982 901 3052 qursd
916 2983 999 3039 coluit

207 3072 259 3126 lroe
269 3070 387 3138 addit,et
399 3068 449 3126 irie
463 3071 486 3127 ei
500 3071 606 3138 plicuit,
617 3067 629 3108 ¹
639 3072 682 3141 (Et
696 3073 764 3129 sieut
779 3091 832 3129 non
844 3075 999 3132 dominante

209 3166 300 3220 babuit
311 3163 466 3234 rogitatum)
479 3164 510 3218 ml
527 3167 719 3219 irreuset'onom
732 3167 869 3234 [eclesie.
884 3179 910 3223 et
920 3183 998 3224 suern

210 3258 358 3313 lesionem.

249 3349 256 3387 ¹
280 3349 394 3418 Propter
408 3348 458 3403 boe
472 3358 564 3402 reama
578 3358 605 3401 et
618 3350 727 3402 vestiens
742 3349 768 3402 iu
788 3349 893 3419 Gangre
907 3360 997 3405 sanata

209 3440 329 3512 synodus
343 3437 476 3494 condemn
495 3453 523 3493 re
544 3452 591 3492 eus
604 3479 611 3499 ,
623 3452 649 3493 et
659 3442 788 3494 terminos
796 3445 936 3511 ‘exponere
950 3486 957 3508 ,
971 3453 998 3497 et

211 3532 276 3587 loris
290 3543 406 3586 eosesse
417 3530 545 3586 llteles's.
562 3527 589 3584 Si
602 3541 690 3584 autem
707 3534 884 3600 pumituootur
895 3544 922 3588 et
935 3549 997 3587 sno·

210 3625 383 3680 tiroororizent
397 3623 510 3694 strigulus,
520 3638 579 3693 truse
591 3623 660 3677 male
674 3622 808 3690 dixerunt,
825 3625 922 3694 suscipi
934 3641 992 3680 eus.

211 3799 331 3851 odrertus
346 3795 503 3862 Ecclesium,
519 3798 563 3867 qui
578 3799 805 3868 conprepnduutur.
823 3810 850 3852 ut
864 3803 997 3870 perepritre

211 3867 357 3922 restituente
371 3867 405 3921 ud
419 3869 520 3920 ruinam
541 3882 713 3931 communem,
730 3876 752 3919 cl
774 3878 824 3921 esst
835 3880 995 3935 meutormrr,

212 3948 392 4008 corrumpentes
405 3939 423 4008 si
431 3945 515 3991 uelum
527 3947 570 3990 out
581 3940 723 3990 oblationes
734 3939 822 3991 ecclesi
831 3956 851 3992 as
863 3941 925 3993 icor.
941 3957 998 4009 orire

211 4011 242 4062 et
254 4009 342 4070 irritis.
357 4017 422 4072 ete..
440 4008 540 4077 pariter
561 4009 699 4062 mendose.
722 4008 887 4063 Sententiam
904 4016 999 4064 melius

213 4078 327 4133 reddidit
341 4094 410 4133 turra
425 4077 515 4131 rersie
528 4092 560 4132 er
576 4079 671 4132 Geren
685 4087 750 4131 tunt.
764 4078 785 4132 ll
809 4080 892 4132 Cotto.
909 4122 917 4145 ‚
944 4082 996 4134 eoi.

212 4148 264 4204 ibn
276 4165 288 4203 τ
301 4147 418 4203 Diuersus
432 4145 533 4200 trudere
545 4147 685 4207 doctrines.
697 4148 797 4218 elinque
807 4159 896 4202 contro
912 4147 999 4204 Eccle-

212 4224 279 4287 ναι,
295 4229 320 4273 et
330 4227 419 4273 eorrtru
434 4233 463 4269 eu
478 4231 534 4282 pure
544 4218 609 4282 riuus
631 4219 658 4269 iu
672 4215 797 4272 Ecclesia.
813 4220 852 4271 Ad
864 4217 917 4272 brec
929 4237 1000 4290 spre-

212 4292 244 4343 tis
258 4291 433 4343 rorrunuuibus
446 4287 601 4340 t'rrduurerrtr's
613 4303 706 4340 trorum
719 4291 837 4342 uestitum
850 4290 963 4344 iudum.

248 4370 261 4397 ⁸
271 4358 337 4413 Cod.
351 4357 413 4412 Vnt.
428 4359 504 4418 ilem,
515 4365 629 4427 eropum,
642 4362 710 4410 l=·rte
723 4373 837 4428 cropore.
848 4361 905 4414 ttox
920 4358 999 4422 lust..

213 4431 355 4483 secedentes
368 4430 392 4481 in
408 4426 569 4498 peroptimum
587 4428 772 4483 restimmrtmu.
783 4430 955 4484 correximus
966 4444 1000 4484 etr

213 4500 306 4555 eudem
323 4498 383 4554 eod.

250 4570 262 4607 ¹
279 4570 360 4635 inst,
370 4579 443 4622 estre
453 4568 659 4624 consuetudinem
671 4570 842 4623 uestimentum
854 4570 952 4623 uirilem
965 4571 1002 4622 iu-

214 4641 330 4693 dueutes.
346 4640 434 4694 Nostri
446 4640 547 4694 eudic‘rs
557 4639 637 4692 lectio
648 4638 752 4691 melior.
1003 4623 1041 4698 ,ὓ

252 4710 355 4775 etsist,
369 4711 519 4764 oeensierrir.
536 4709 638 4765 Sensus
652 4708 792 4776 utrobique
807 4708 947 4775 impletos.
962 4708 1002 4761 Et

215 4780 310 4832 Grrou
322 4788 428 4833 auteur:
447 4777 536 4833 diuite·
546 4789 630 4830 nutent
644 4786 667 4830 et
680 4786 802 4844 mouere
814 4778 915 4847 pietatis
929 4790 1000 4830 toruo

215 4850 523 4918 confermentatum
535 4856 653 4900 eructum
665 4851 776 4923 norme.

251 4919 264 4955 ¹
279 4918 360 4982 lost,
374 4928 398 4971 et
414 4919 456 4971 uir'
465 4929 553 4971 uretur
567 4917 633 4968 {leus
646 4917 695 4983 ipss
709 4925 879 4981 contemneret,
895 4925 918 4969 et
932 4918 1003 4970 oile-

217 4992 307 5044 riores.
320 4987 487 5042 Praetullrnus
500 4987 641 5040 lectionem
653 4985 737 5039 nostri
749 4986 859 5040 codicis.

253 5069 265 5097 ⁶
278 5057 423 5114 idemlust.
432 5056 560 5110 struaridis
576 5056 727 5118 requirentes
737 5056 928 5124 :expunximus
940 5072 1001 5111 eum

217 5142 310 5184 nostro
324 5128 428 5193 codiee,
440 5127 485 5198 qui
502 5142 563 5179 mox
578 5125 659 5180 babet
678 5136 701 5179 et
718 5143 735 5179 o
752 5128 935 5190 secroserrctit,
948 5143 1006 5197 que

216 5203 248 5254 ob
263 5203 298 5255 eis
309 5198 486 5253 ministrentur
496 5213 546 5250 uon
561 5198 728 5266 ndtiupeurer.

255 5272 264 5309 ¹
283 5271 341 5324 Vel.
359 5271 436 5337 neg..
455 5269 489 5321 ud
506 5268 596 5321 ueram.

254 5341 325 5398 ⁸Sie
348 5341 444 5396 melius
459 5340 530 5393 idem
557 5339 642 5391 eules
659 5351 738 5405 qrram
758 5336 828 5405 apud
847 5335 928 5400 Just,
943 5347 1006 5391 trum.

219 5413 277 5466 llos
293 5426 341 5480 pro
352 5411 421 5481 quod
434 5410 513 5463 sunu
527 5407 597 5463 idem
613 5405 674 5461 Vnt.
688 5406 753 5475 lies.
768 5448 774 5470 ,
788 5409 857 5477 quod
870 5408 1004 5475 eructabit,

218 5481 301 5535 ilueu
316 5497 331 5534 n
345 5481 458 5551 scripte.

253 5549 267 5586 ¹
280 5550 366 5604 b'erbs
377 5551 452 5604 uncis
465 5548 564 5603 incluso
578 5562 610 5602 es
619 5547 713 5602 Grnro
723 5546 869 5608 alurudant.
885 5561 1006 5602 sensum·

218 5635 271 5684 ipre
291 5617 528 5674 certitudinem!
544 5617 637 5670 saitem
657 5616 778 5670 Grreeum
791 5616 943 5683 eturnpluru
955 5618 1004 5671 ali·

218 5688 281 5759 quid
296 5689 366 5742 aliud
380 5689 443 5742 olim
459 5689 619 5753 recipiebam
641 5700 701 5739 natu
716 5693 744 5740 et
766 5693 858 5739 artetur
872 5686 1004 5742 versionis

1046 2162 1157 2227 babere,
1170 2158 1312 2214 anathema
1325 2160 1369 2213 sit.

1190 2249 1228 2304 De
1237 2250 1317 2304 seruis
1329 2250 1372 2317 qui
1387 2246 1504 2302 demittet
1518 2253 1693 2300 eorrterrrrrurrt.

1083 2346 1126 2401 itt.
1138 2346 1167 2401 Si
1182 2346 1241 2415 quis
1255 2351 1376 2399 serrus⁰
1400 2341 1573 2396 excusatione
1593 2336 1740 2392 venerandi
1756 2335 1839 2392 Deuru

1047 2445 1221 2495 contemnere
1243 2435 1341 2491 dooou
1363 2434 1524 2497 «torminum,
1545 2438 1573 2485 et
1592 2429 1719 2483 reeedere
1734 2428 1769 2481 ab
1783 2428 1839 2496 ejus

1049 2530 1208 2594 ministerio,
1219 2536 1247 2584 et
1258 2543 1312 2582 uon
1325 2542 1386 2582 eum
1400 2525 1554 2580 obedientia
1569 2533 1596 2577 et
1609 2520 1688 2593 ibere
1698 2527 1756 2574 tuta
1769 2520 1840 2576 lesti-

1049 2622 1158 2676 natione
1173 2634 1222 2675 suo
1240 2615 1361 2690 domino]
1375 2617 1455 2670 totius
1468 2614 1648 2670 festinationis
1662 2629 1719 2668 suas
1733 2612 1839 2666 domitu

1049 2712 1162 2776 seruire,
1174 2712 1208 2766 sit
1220 2709 1375 2765 anathemo.

1287 2799 1326 2855 De
1338 2800 1422 2853 nutris
1436 2797 1598 2869 presbyteris.

1086 2894 1131 2951 lt.
1145 2894 1173 2950 st
1185 2894 1245 2963 quis
1264 2892 1368 2948 dubitet
1381 2887 1459 2963 [lupe
1471 2888 1505 2944 de
1518 2882 1713 2958 presbyteruls
1731 2883 1840 2954 presby·

1051 2998 1109 3043 tero
1121 3027 1128 3051 ,
1140 2987 1184 3058 qui
1197 2985 1288 3041 nubsit
1301 3021 1310 3051 ‚
1324 2984 1400 3053 quasi
1414 2991 1428 3031 t>
1443 2994 1495 3036 nou
1506 2987 1635 3048 oportere
1647 2975 1683 3030 ab
1694 2991 1731 3031 eu
1745 2989 1839 3029 eune·

1051 3089 1144 3137 erante
1158 3076 1322 3133 oblationem
1337 3073 1470 3142 recipere,
1482 3071 1517 3127 sit
1528 3070 1682 3126 anatliema.

1123 3172 1161 3224 De
1171 3172 1210 3225 pp,
1219 3171 1264 3241 esti
1278 3167 1388 3224 melesio
1402 3165 1609 3237 rouprtpntr'orres
1622 3160 1770 3216 tumbam.

1088 3261 1157 3319 lusi
1170 3260 1230 3331 quis
1242 3258 1321 3315 ducet
1331 3257 1442 3313 domum
1455 3255 1505 3311 bot
1518 3251 1678 3316 eontenmi.
1693 3258 1722 3306 et
1733 3265 1796 3320 que
1814 3249 1839 3304 in

1051 3369 1082 3409 ea
1097 3362 1159 3408 sunt
1170 3348 1412 3421 mnprsrsrionss,
1426 3345 1570 3402 snatlums
1584 3343 1630 3399 tit.

1157 3440 1223 3496 sDe
1232 3440 1272 3496 lrir
1283 3442 1327 3511 qui
1341 3449 1412 3495 estre
1430 3439 1560 3493 rederium
1569 3443 1734 3507 conprepurrt.

1088 3535 1131 3591 l'l.
1148 3536 1176 3591 Si
1186 3536 1247 3607 quis
1261 3541 1359 3605 praeter
1372 3530 1514 3588 ecclesium
1528 3527 1608 3602 [lupe
1618 3522 1766 3597 propriam]
1780 3539 1838 3592 pro·

1051 3628 1109 3698 prio
1131 3633 1277 3696 congregat
1302 3632 1354 3679 ¹et
1368 3632 1543 3677 contemnens
1563 3617 1709 3673 Ecclesiam
1729 3613 1839 3671 rursm

1053 3800 1205 3855 isidorianos
1219 3797 1317 3866 aliquid
1332 3794 1446 3864 amplius
1459 3793 1598 3862 lenierunt
1614 3791 1672 3844 bne
1686 3788 1837 3851 trs-orout,

1052 3880 1183 3939 touqunrrt
1197 3870 1289 3938 quidus
1299 3876 1380 3919 rector
1397 3881 1447 3917 nort
1460 3864 1504 3926 rit,
1525 3861 1558 3916 ad
1572 3876 1631 3932 qrtae
1642 3869 1736 3914 noster
1757 3860 1838 3913 iuter·

1053 3954 1115 4010 pres
1132 3944 1183 3994 boe
1194 3940 1252 3992 loeo
1265 3936 1369 3990 ridetur
1383 3934 1528 4002 respicere.

1091 4008 1099 4047 ¹
1114 4009 1182 4064 lust.
1195 4010 1274 4070 cod..
1291 4005 1399 4065 Pron'er
1412 4005 1459 4056 lroe
1473 4011 1561 4056 structe
1573 4001 1674 4054 ueniens
1695 4002 1722 4054 iu
1736 4000 1838 4071 Gunprs

1053 4080 1166 4151 sprredus
1179 4079 1349 4133 courdemrrore
1360 4092 1402 4130 eos
1413 4076 1440 4128 r'u
1451 4073 1570 4127 rumines
1579 4072 1616 4123 eis
1631 4087 1742 4140 ponere.
1757 4082 1783 4123 ut
1797 4086 1838 4123 ros

1053 4151 1097 4221 qui
1108 4150 1290 4220 perrrrnuserr'rrt
1304 4149 1330 4199 iu
1345 4147 1398 4200 tuis
1408 4142 1548 4202 sententiis,
1561 4141 1623 4206 soris
1637 4155 1681 4193 eos
1691 4158 1743 4194 rsrr
1752 4138 1839 4192 Eccle-

1054 4221 1099 4273 rioe
1112 4235 1121 4275 .·
1136 4221 1180 4291 qui
1204 4233 1262 4271 uero
1277 4217 1447 4287 peniteret,
1464 4223 1486 4267 et
1501 4211 1838 4280 testimoniorumque,

1054 4305 1111 4358 qrtoe
1137 4290 1205 4342 uteie
1226 4297 1369 4348 resumunt,
1392 4284 1487 4351 suscipi
1506 4298 1559 4336 eos.
1575 4281 1665 4335 Lectis
1681 4282 1764 4338 nostri
1777 4279 1837 4334 eud.

1056 4358 1221 4430 proterenda
1234 4356 1292 4411 luit.

1092 4429 1098 4480 i
1126 4429 1165 4484 Ob
1185 4428 1372 4498 repetitionem
1389 4424 1533 4478 vorborum
1553 4421 1649 4490 suscipi
1671 4438 1713 4476 eor
1727 4437 1754 4478 se
1773 4437 1838 4475 stetu

1055 4499 1180 4567 periodus
1203 4501 1228 4551 iu
1244 4495 1402 4550 tortelliano
1428 4507 1477 4546 rus.
1497 4506 1545 4561 per
1558 4491 1654 4545 saltum
1669 4495 1765 4547 rtrrrissa
1779 4492 1836 4545 tur.

1055 4571 1228 4624 westernere
1242 4566 1325 4622 cedet
1339 4580 1398 4620 eam
1419 4562 1597 4618 conservarit.

1088 4638 1101 4676 ¹
1116 4639 1165 4694 lis.
1187 4638 1245 4692 Vnt.
1259 4637 1337 4702 Repu,
1350 4636 1393 4705 qui
1407 4633 1571 4685 introiretur
1582 4633 1654 4688 teies.

1094 4707 1100 4745 ¹
1118 4709 1188 4762 idem
1202 4707 1261 4762 cod.
1275 4747 1282 4768 ‚
1296 4707 1322 4758 id
1334 4717 1369 4758 err
1381 4704 1448 4757 tt'tuli
1461 4701 1522 4755 til.

1091 4787 1111 4815 ¹¹¹
1127 4776 1192 4833 lust.
1204 4776 1276 4841 eod,
1288 4776 1337 4841 Qui
1347 4776 1379 4828 rte
1388 4774 1490 4826 erebrius
1504 4771 1838 4842 queriturmteurrumete.

1056 4846 1147 4902 Lectio
1161 4864 1211 4901 ms.
1228 4846 1287 4901 Vnt.
1303 4847 1367 4910 ileu.
1381 4843 1486 4898 melior.

1090 4927 1104 4953 ¹¹
1118 4916 1426 4987 Vucessiqur'setsrdcs
1443 4920 1535 4966 nmtru
1547 4928 1597 4967 urs.
1611 4911 1764 4980 otljerimm,
1774 4909 1840 4963 [terr

1055 4985 1125 5044 lust.
1136 4989 1220 5044 eudes
1235 4994 1295 5058 pust
1309 4999 1401 5040 trucem
1417 4982 1468 5051 fide
1488 4981 1582 5035 inserit
1595 4985 1673 5036 ederes
1687 4985 1743 5046 luis,
1754 4981 1838 5034 minut

1055 5067 1139 5112 recle·

1094 5137 1106 5164 ⁰
1124 5131 1159 5182 ito
1174 5137 1266 5181 noster
1278 5123 1338 5180 cod.
1352 5122 1427 5191 spor
1442 5122 1524 5184 test,
1535 5121 1704 5176 excusationis
1716 5135 1787 5175 certe
1796 5133 1838 5170 re·

1059 5198 1166 5252 rrrrordr'
1179 5198 1276 5249 domiui
1290 5205 1447 5249 rontemnere
1458 5192 1525 5244 dicut
1534 5193 1685 5250 dominium.

1095 5269 1201 5331 riost,
1215 5283 1267 5319 uon
1281 5273 1397 5333 oportere
1411 5278 1468 5316 euru
1482 5277 1640 5328 tonsurare,
1657 5261 1762 5316 estruit
1771 5257 1838 5310 clis-

1059 5341 1153 5391 tionem
1176 5337 1298 5406 occipere.
1315 5336 1362 5389 Em
1380 5333 1534 5387 ndationem
1549 5333 1681 5403 srrggessir
1692 5340 1779 5387 postor
1790 5342 1838 5381 co.

1059 5408 1110 5463 des
1129 5408 1195 5476 ‚uui
1210 5405 1296 5459 solunt
1312 5403 1410 5458 omittit
1422 5403 1545 5471 occipere.

1095 5489 1108 5527 s
1126 5476 1185 5531 Vat.
1201 5476 1277 5545 ilcg..
1296 5475 1334 5528 De
1345 5473 1385 5527 iris
1398 5472 1443 5541 qui
1454 5471 1638 5527 ecclesiasticus
1648 5469 1838 5527 administratio·

1057 5565 1103 5601 rrrs
1118 5549 1181 5613 soris
1192 5545 1222 5599 eb
1233 5544 1339 5598 ecclesie
1351 5544 1460 5665 oeeirrut.
1525 5570 1530 5582 ·

1097 5627 1107 5654 Γ
1122 5618 1190 5673 lust.
1204 5617 1292 5670 emisit
1305 5625 1338 5667 et.
1378 5622 1414 5665 nt.
1427 5613 1494 5681 lisp-
1509 5609 1581 5680 delet
1596 5620 1677 5668 rutro.
