4000 6175
272 291 325 353 863
733 286 777 342 Ab
796 283 911 341 OPERA
930 283 958 340 S.
980 282 1102 339 teosts
1121 282 1226 338 bleb'l
1246 281 1428 338 uersauit.
1856 286 1901 346 ιιι

272 414 339 460 tom.
359 404 382 460 ll
394 402 598 472 Capitulariuxo,
621 402 649 456 in
664 399 813 469 appendice
832 414 908 455 uam.
923 401 950 468 5,
967 401 1021 454 col.
1045 398 1124 463 lert.
1138 414 1198 454 curu
1222 400 1273 454 boc
1288 399 1377 458 titolo,
1394 414 1473 467 quem
1490 399 1584 454 nullibi
1606 403 1776 469 reperiens:
1790 400 1898 474 capam

273 478 335 528 tiata
349 476 514 545 presbyteris,
533 476 649 525 diaconis
664 479 687 524 et
698 471 869 528 subdiaconis.
885 470 1047 525 Sirmoadas
1063 485 1138 533 vero,
1155 480 1186 524 ιιι
1205 470 1275 525 idem
1292 468 1415 523 llalttzias
1426 478 1538 524 testatur
1554 470 1582 523 in
1594 472 1665 525 uotis
1682 474 1715 526 sd
1730 472 1825 527 librum
1837 492 1845 528 ι
1857 477 1898 532 lia·

285 547 440 607 titularium,
458 546 508 597 eol⁴
531 543 610 604 tlsl,
626 542 697 595 illam
712 543 814 595 invenit
833 541 860 595 itt
872 541 977 594 duobos
994 556 1059 594 mss.
1075 540 1227 595 cassinensi
1249 548 1276 592 et
1291 540 1430 603 Vaticano,
1452 541 1578 595 nimirum
1596 540 1623 596 in
1643 543 1781 598 codicibus
1800 543 1898 601 italicis.

275 563 406 670 iaudent
422 630 512 668 rursus
527 628 559 665 ex
573 611 664 665 italico
679 613 742 666 item
756 628 806 665 tos.
821 612 933 666 barrensi
948 611 1093 665 notissime
1108 612 1207 665 recusit
1220 611 1249 665 P.
1264 611 1420 665 llannateus
1432 611 1526 676 blansi,
1541 620 1606 665 tam.
1623 611 1632 665 Ι
1648 613 1900 681 Supplemenocon·

274 686 406 747 ciliorum,
423 684 474 737 col.
491 683 554 737 etr.
568 683 643 736 llanc
654 683 722 735 ltaud
738 681 917 752 separandam
932 681 1058 735 titulatus
1074 679 1211 735 aStattttis
1226 682 1349 751 antiquis,
1362 691 1390 735 et
1407 699 1421 733 a
1434 679 1574 750 Praeceptis
1590 682 1621 736 S.
1635 680 1720 752 Petri,
1739 699 1802 738 oum
1815 688 1902 755 quibas

275 756 303 810 ιιι
317 754 415 809 italicis
426 752 628 808 collectionibus
641 752 771 820 iungitur.

316 825 344 879 5.
357 823 491 894 Praecepta
502 825 583 877 sancti
598 821 670 876 Petri
680 828 711 874 tte
724 824 889 876 sacramentis
905 822 1095 890 conservandis,
1112 837 1172 888 attae
1187 822 1213 875 ιιι
1229 822 1384 877 memoralis
1398 821 1602 878 collectionibus
1616 823 1739 887 epistole
1754 823 1861 878 iarmsm
1871 827 1896 882 S.

277 893 409 949 Clementi
426 894 435 948 l
450 910 523 960 papan
538 894 663 947 tributam
678 894 835 961 praeierunt.
854 894 924 947 edita
938 893 1024 947 rideri
1042 903 1153 956 possunt
1172 893 1198 946 io
1212 892 1326 959 rttlgatis
1346 892 1530 947 Consiliorum
1544 907 1605 947 caat
1622 893 1699 948 titulo
1716 893 1851 962 :Epistola
1866 916 1898 952 te·

279 965 366 1019 canda
379 964 513 1019 Clementis
531 964 622 1035 papcei
638 964 672 1016 ad
684 962 809 1018 laeenam
824 964 928 1029 fratrent
949 963 1063 1016 Domini.
1079 962 1179 1016 Partim
1193 961 1299 1030 quidem
1322 963 1415 1018 eadent
1434 974 1508 1029 sunt,
1523 965 1571 1018 sed
1588 965 1683 1033 partita
1698 967 1779 1020 etiam
1794 965 1896 1022 diversa.

280 1035 345 1088 Natu
355 1042 383 1087 et
397 1035 509 1104 epistola
523 1035 550 1088 io
564 1035 663 1088 nostris
676 1033 878 1089 collectionibus
894 1035 999 1089 ltretiar
1014 1041 1065 1097 est,
1081 1043 1108 1086 et
1121 1048 1181 1099 nure
1197 1035 1337 1102 utrobique
1356 1034 1529 1097 contentam,
1545 1034 1598 1087 alio
1614 1050 1723 1104 prorsus
1735 1035 1831 1091 ordine
1848 1053 1897 1103 pra

276 1103 408 1160 feruntur.
426 1105 517 1174 Nepae
531 1104 631 1158 ideirco
652 1105 720 1159 bane
735 1110 878 1174 pinninum
894 1104 1041 1158 Clementis
1060 1117 1128 1166 opus
1142 1103 1288 1158 candianus.
1313 1102 1379 1156 Nata
1401 1104 1470 1157 sicut
1484 1103 1691 1172 Recognittones
1707 1105 1859 1173 spostolicae
1876 1111 1897 1160 ia

277 1175 362 1230 libros
377 1176 470 1229 decem
486 1176 648 1235 distributae,
668 1185 696 1229 et
710 1176 761 1228 alia
786 1176 818 1228 ad
835 1174 962 1228 iacobum
982 1174 1106 1239 epistola,
1122 1189 1182 1240 aue
1203 1174 1311 1227 brevior
1329 1187 1409 1241 quam
1434 1176 1460 1227 ia
1476 1177 1599 1235 rttleatis,
1626 1175 1652 1228 io
1667 1175 1770 1243 aliquot
1784 1185 1897 1231 -retastss

279 1245 454 1301 collectione
470 1247 602 1313 transisit,
619 1260 650 1298 aa
666 1246 815 1312 praesertim
832 1246 859 1297 itt
870 1244 1086 1311 Quesnellianam
1101 1258 1161 1311 cap.
1176 1242 1222 1308 dl,
1236 1243 1323 1298 eidem
1335 1244 1364 1297 S.
1380 1243 1512 1298 Clementi
1525 1244 1680 1310 suppositae,
1696 1248 1833 1315 antiquam
1851 1248 1899 1301 ari·

277 1317 367 1386 giaem
383 1315 511 1379 imbuere,
531 1326 585 1369 eta
607 1315 702 1368 litrlioo
718 1316 860 1370 Latinitate
880 1314 997 1375 donatae,
1013 1316 1083 1382 apud
1097 1311 1205 1368 Latinos
1221 1315 1409 1375 obtinuerttttt;
1431 1315 1465 1367 ita
1479 1314 1595 1379 idipsum
1615 1316 1648 1368 de
1669 1315 1720 1371 bae
1734 1332 1840 1385 quaque
1851 1319 1899 1385 epi·

278 1385 346 1441 stola
357 1387 522 1441 censendum
539 1396 670 1452 potamos.
686 1385 713 1437 lo
729 1399 795 1439 mss.
810 1386 917 1454 quidem
933 1384 1120 1437 vetustissima
1134 1383 1300 1437 collectarii·v
1313 1381 1467 1437 sarreriae
1481 1384 1552 1439 2888
1569 1394 1598 1438 et
1612 1383 1673 1440 vat.
1689 1384 1768 1452 rste,
1784 1387 1841 1441 brec
1852 1387 1899 1451 epi

278 1458 345 1511 stola
369 1456 510 1525 subjicitur
524 1457 600 1509 altori
618 1454 701 1523 ipsios
723 1455 882 1519 Clementis,
907 1470 986 1523 nuato
1008 1470 1022 1503 a
1045 1454 1141 1506 ltoltna
1155 1453 1248 1507 Latine
1267 1453 1398 1507 redditam
1420 1469 1512 1509 omnes
1527 1458 1651 1509 latentur.
1676 1455 1747 1509 idern
1769 1457 1899 1510 etiamde·

279 1526 469 1595 prehendimus
489 1525 517 1579 in
540 1536 691 1595 pervetusta
708 1526 906 1579 abbreviatione
927 1538 1073 1587 cortonam,
1090 1538 1150 1592 atrae
1167 1525 1321 1578 continetur
1346 1525 1371 1575 itt
1396 1537 1447 1577 tus.
1463 1526 1498 1580 stt
1517 1525 1625 1593 capitati
1640 1524 1813 1590 Veronensis,
1830 1536 1854 1580 ul
1872 1541 1898 1580 et

280 1597 463 1666 ‹lestripttnne
481 1596 601 1665 eiusdem
616 1597 716 1649 codicis
729 1596 839 1663 panbtt,
860 1609 939 1663 ortatu
961 1596 986 1648 in
1004 1610 1050 1648 arat
1061 1603 1117 1647 tata
1133 1594 1302 1648 exhibuimus
1317 1602 1387 1663 part.
1404 1607 1441 1648 ut.
1465 1592 1494 1647 ln
1516 1594 1570 1647 abo
1585 1605 1673 1650 etitem
1688 1611 1739 1649 ms.
1754 1599 1900 1666 sangerma-

282 1669 358 1720 nensi
375 1667 438 1731 ιιι,
455 1670 547 1721 eadem
564 1667 675 1731 epistola
694 1667 834 1731 subjicitor
849 1681 902 1719 non
923 1667 1009 1719 solum
1029 1664 1104 1716 alteri
1131 1664 1252 1731 epistolae
1274 1663 1307 1715 ad
1327 1663 1467 1726 tacebam.
1484 1667 1674 1721 verumetiam
1691 1665 1900 1745 [leettgnttioautn

284 1737 360 1791 libris
373 1737 505 1791 Clementi
524 1735 660 1797 inscriptis
672 1750 732 1790 ctrtn
750 1736 836 1790 {inlini
856 1736 1010 1799 interpretis
1024 1735 1105 1804 633
1119 1736 1310 1794 nuttettpaloritl
1326 1732 1359 1785 ad
1375 1735 1403 1787 S.
1420 1733 1611 1793 Gaudettliuttt,
1632 1736 1766 1791 dividere
1787 1737 1900 1805 estepani

284 1805 508 1860 llantl'soconium
525 1818 588 1859 tino.
609 1805 630 1860 ll
645 1806 817 1861 Btbliatltecae
832 1806 1064 1869 bibliothecarum,
1082 1819 1141 1872 prag.
1159 1805 1238 1858 ll5l.
1260 1804 1386 1857 (lintrium
1409 1805 1489 1872 igitur
1508 1806 1640 1874 interpres
1662 1804 1793 1861 dicendus
1810 1807 1902 1862 ridetur

281 1877 352 1931 idem
373 1878 493 1931 llubtttts.
510 1878 575 1943 Qnae
589 1891 654 1929 roro
678 1876 705 1930 in
720 1877 835 1945 tttlgatis
858 1877 1038 1930 Cottcilioruto
1062 1876 1169 1941 utrique
1191 1874 1311 1941 epistotae
1331 1872 1455 1939 leputatur
1478 1876 1589 1938 inserta,
1610 1885 1639 1930 et
1653 1878 1824 1942 perturbatos
1845 1880 1901 1930 ordo

281 1945 401 2012 epistolar
421 1947 545 2001 secandae
569 1947 669 2000 isidoro
685 1948 823 2003 llereatort
847 1946 985 2000 trilateotla
1006 1953 1079 2001 sunt.
1104 1945 1172 1999 llioc
1185 1954 1274 1998 niuem
1289 1946 1401 1997 multum
1423 1942 1505 1998 reiert
1524 1944 1592 1997 trane
1611 1946 1756 2000 secundam
1774 1948 1901 2015 epistolam

282 2019 319 2071 nti
338 2016 462 2070 allttllno
477 2027 518 2071 est
532 2017 624 2071 Latine
640 2017 752 2083 reddita,
767 2032 798 2071 ae
812 2034 843 2069 er
856 2020 952 2081 ipsein
964 2028 1081 2071 retostus
1092 2015 1264 2069 collectiones
1282 2013 1417 2078 traducta,
1434 2014 1484 2068 boc
1496 2014 1555 2069 loeo
1569 2014 1698 2071 exbibete
1714 2034 1720 2070 ε
1739 2017 1831 2085 prime
1842 2017 1902 2072 eaiat

281 2089 402 2157 epistole
412 2088 553 2142 llalittiana
568 2103 657 2141 versto
672 2104 703 2141 er
720 2104 779 2156 cap.
798 2088 832 2143 til
849 2089 993 2155 praemissae
1006 2086 1172 2139 collectionis
1186 2086 1271 2151 repeti
1287 2094 1385 2153 polest.

317 2159 344 2213 ιι.
358 2155 555 2212 Caocltnleutus
568 2160 790 2226 praestantissimo
806 2160 907 2212 inedito
920 2162 1092 2216 documento,
1104 2156 1174 2225 qartd
1190 2171 1223 2209 et
1239 2170 1289 2208 tus.
1307 2153 1364 2207 tu.
1381 2153 1569 2221 licitantem
1581 2156 1712 2211 eruimus.
1726 2156 1764 2210 ile
1780 2156 1901 2227 Glycerio,

285 2229 330 2291 nai
343 2228 500 2283 brevissima
512 2238 633 2298 tempore
644 2228 669 2283 iu
686 2228 757 2281 ltalia
782 2230 922 2294 inperium
937 2228 1066 2289 obtinuit,
1079 2228 1123 2279 vit
1141 2227 1243 2280 mentia
1257 2225 1344 2293 aliqua
1359 2226 1429 2293 apud
1442 2226 1588 2293 scriptores
1599 2237 1731 2295 superest.
1742 2225 1817 2282 Nunc
1833 2228 1904 2295 ipsius

284 2298 441 2353 constitutio
456 2298 582 2364 prodibit,
599 2314 658 2368 quae
674 2299 803 2353 adsersus
816 2300 998 2352 ordinationes
1011 2299 1172 2352 simoniacas
1187 2297 1263 2350 inuio
1279 2297 1382 2362 imperii
1398 2295 1455 2362 eius
1473 2295 1534 2350 deta
1549 2295 1607 2351 luit.
1625 2296 1666 2351 Ad
1682 2297 1822 2365 imperium
1841 2299 1902 2352 eoiar

284 2368 404 2421 ascendit
415 2367 458 2421 die
472 2368 488 2421 ι
501 2369 586 2422 blattii
601 2371 663 2423 anati
677 2368 740 2430 lis,
756 2379 784 2421 nt
802 2369 930 2422 discimus
945 2384 978 2423 ert
996 2367 1128 2423 latercula
1140 2369 1280 2421 consulunt
1295 2367 1366 2419 edito
1381 2380 1395 2417 a
1410 2365 1584 2432 cuspiniano,
1600 2377 1652 2422 ets
1665 2367 1835 2421 Bollaodistis
1848 2381 1901 2422 ets·

283 2438 355 2493 clius
369 2453 464 2492 recuso
478 2438 510 2490 nd
524 2454 643 2492 trorutaut
657 2440 772 2507 exempli
784 2440 898 2493 Caesarei
916 2449 979 2493 tam.
998 2439 1039 2497 l'l.
1055 2446 1108 2492 act.
1124 2437 1153 2501 ι,
1167 2446 1236 2506 part.
1252 2453 1280 2501 ιι,
1296 2451 1356 2505 pag.
1369 2436 1433 2499 tte,
1444 2438 1487 2489 ubi
1507 2438 1565 2491 bare
1580 2439 1607 2491 in
1620 2451 1678 2491 retu
1693 2450 1812 2493 nostram
1825 2437 1906 2505 legua-

285 2521 328 2560 tur
344 2506 448 2560 :Leone
463 2509 578 2576 depasta
593 2508 613 2560 l
628 2512 679 2575 (est
693 2524 780 2563 anatis
791 2510 867 2580 tls).
885 2508 940 2562 liae
951 2510 1055 2562 console
1073 2510 1170 2561 levatas
1184 2520 1220 2561 est
1230 2509 1369 2573 imperator
1385 2507 1511 2560 iilicerint
1524 2505 1690 2561 antennam
1703 2524 1783 2561 nonas
1795 2506 1905 2562 Martias.

281 2577 443 2631 Constantio
457 2587 546 2632 atatem
566 2578 661 2632 eadent
677 2580 703 2631 in
719 2580 785 2633 arbe
798 2582 872 2643 tlara,
898 2580 1047 2647 signatura
1063 2578 1123 2633 idas
1133 2579 1254 2645 eiusdem
1276 2577 1386 2631 mensis.
1402 2577 1507 2631 bireeta
1522 2588 1564 2631 est
1578 2578 1612 2632 sd
1632 2578 1825 2642 llimelaooeat,
1837 2592 1907 2646 ques

284 2651 438 2713 preelectum
456 2648 581 2716 pretoria
598 2650 678 2704 ltaliae
693 2664 725 2703 et
742 2651 792 2703 ltoc
806 2652 884 2705 attico
896 2659 1071 2704 monumento
1085 2651 1282 2718 cognoscimus.
1299 2647 1446 2716 Sabjicitur
1459 2647 1487 2701 ia
1497 2646 1593 2702 eadem
1610 2648 1703 2702 codice
1716 2647 1830 2702 ediotnta
1842 2647 1906 2717 ejus·

283 2719 344 2771 dem
361 2717 534 2783 llimelcoois,
548 2733 602 2789 quo
616 2720 710 2775 eadem
722 2722 878 2776 constitutio
894 2724 1060 2789 promulgata
1074 2718 1122 2773 luit
1138 2722 1230 2774 lionam
1243 2734 1271 2774 ut
1283 2717 1338 2772 isal.
1354 2718 1435 2772 lisias
1445 2717 1508 2771 sttui
1522 2718 1654 2785 eiusdem.
1671 2718 1729 2773 lioc
1742 2732 1843 2788 quoque
1858 2717 1905 2772 eat-

284 2799 356 2842 ctum
377 2788 411 2841 ab
425 2789 481 2853 ipsa
496 2791 686 2845 inusitatione
697 2806 752 2845 nau
764 2792 971 2856 disjungendum
984 2793 1055 2856 typis
1065 2789 1198 2844 dabimus.

785 3004 1420 3156 ‘DOCUMENTA

670 3253 850 3361 JURIS
888 3251 1193 3360 CANONICI
1229 3248 1528 3354 VETERIS.

961 3449 1260 3470 ..Μ

674 3588 695 3643 ι,
1097 3577 1199 3633 Attanae
1213 3570 1321 3625 demam
1337 3569 1405 3623 orda
1424 3571 1622 3627 ecclesiasticus
1636 3571 1801 3641 singolorum
1812 3586 1842 3627 es
1852 3584 1905 3624 cata·

285 3684 365 3757 635
380 3696 497 3739 canones
515 3690 529 3720 ⁸
550 3695 663 3736 casctttt
686 3689 912 3734 ctntntctseusts
932 3683 1080 3727 crassato
1135 3679 1215 3717 sensu
1233 3659 1380 3715 omnium<¹
1400 3662 1570 3718 astruendus.
1586 3662 1627 3718 bd
1648 3664 1853 3719 corroborandas
1867 3675 1906 3714 su·

580 3764 785 3805 nsuoacccrux·
1136 3765 1188 3806 tarot
1218 3754 1329 3807 lratrnm
1353 3761 1380 3809 et
1409 3756 1631 3824 coepiscoporum
1660 3764 1811 3812 nostrarum
1836 3766 1907 3824 popm

286 3846 344 3919 (Uti
360 3845 479 3919 lrpantnr
497 3846 524 3900 in
543 3842 727 3924 antiquissimis
742 3856 803 3895 ιιιιι.
818 3833 1008 3893 collectionibus
1024 3829 1082 3884 lta·
1136 3858 1321 3916 mmmmm
1337 3856 1440 3903 memes
1452 3863 1484 3903 Ε,
1499 3850 1672 3919 ωορουθηά,
1687 3859 1766 3914 sum,
1778 3862 1854 3919 qum
1865 3845 1907 3900 p„

549 4007 555 4019 ι
613 4008 619 4018 .
645 3913 726 4015 Q)
956 3995 961 4005 ,
1137 3939 1222 3993 tribas
1239 3947 1311 3994 certa
1335 3938 1511 4009 dispositione
1532 3939 1702 4010 accepimus,
1723 3949 1753 3994 ιιι
1774 3936 1906 3999 Trinitatis,

378 4008 399 4062 ¹·
414 4005 454 4061 ⁰⁶
467 4016 568 4061 '‘aiiii'‘
583 4006 685 4060 Nm
696 4001 798 4056 “mm''
813 3996 985 4052 ‘’mand'‘
1136 4047 1216 4103 artam
1238 4034 1265 4087 in
1289 4034 1390 4087 nastris
1411 4031 1536 4087 sensibus
1557 4042 1741 4088 consecratam
1766 4033 1904 4090 retinemus,

325 4141 450 4198 burellos
464 4142 608 4210 episeopus
622 4138 711 4192 dixit:
728 4134 743 4175 t
758 4135 821 4189 iiaee
835 4134 869 4188 ita
884 4131 954 4199 apud
973 4143 1022 4183 nos
1038 4129 1085 4179 ls-
1136 4124 1222 4178 Patris
1237 4132 1266 4178 et
1280 4122 1339 4176 Filii
1352 4130 1381 4177 et
1400 4123 1517 4191 Spiritus
1530 4124 1615 4178 sancti
1631 4124 1841 4191 unitatemque
1858 4116 1906 4172 nalo

287 4235 384 4287 luatur
397 4230 561 4301 exemplaris
581 4237 829 4295 studiorumque
849 4232 911 4278 tuoe
926 4222 1018 4274 l‘atrcs
1034 4233 1084 4270 aa·
1137 4218 1188 4270 lam
1212 4217 1331 4270 aoseitnr
1358 4215 1457 4270 babere
1482 4214 1678 4277 differentiam,
1702 4216 1771 4268 sient
1797 4210 1904 4305 dicimus.

288 4324 339 4377 stri
355 4325 389 4377 de
404 4321 521 4378 coneilio
536 4319 646 4375 lliemna
659 4333 750 4373 secum
763 4316 926 4371 detulerant
941 4312 1017 4378 ertias
1032 4309 1087 4360 ior·
1139 4317 1150 4344 ι
1166 4308 1201 4361 ita
1217 4316 1244 4361 et
1265 4308 1310 4360 liei
1327 4307 1453 4375 populum
1474 4307 1647 4361 instruamus.
1662 4305 1729 4359 item
1745 4305 1779 4358 ab
1795 4302 1904 4357 utrirersts

289 4428 360 4467 trram
375 4420 527 4477 servantes,
541 4411 666 4482 traecqoe
681 4419 693 4449 ⁶
710 4417 857 4478 sequentur
870 4404 1025 4466 constituta,
1042 4405 1086 4454 tir·
1137 4400 1271 4470 episcopis
1286 4415 1370 4467 nuper
1388 4399 1520 4468 promotis
1538 4381 1639 4454 dicium
1657 4409 1719 4453 estr
1737 4398 1813 4453 Plane
1826 4397 1859 4448 sic
1869 4403 1904 4443 ιι·

287 4515 387 4561 rotatas
404 4504 481 4560 uobis
495 4503 689 4560 custodiamur.
1137 4505 1269 4559 cepzmus,
1285 4490 1324 4543 sie
1347 4500 1481 4552 tenentos,
1502 4489 1541 4544 sie
1554 4488 1682 4543 daremus
1702 4488 1779 4542 isdem
1794 4481 1904 4552 eraogeli

469 4598 499 4653 ll.
518 4597 556 4651 lle
571 4595 695 4650 Trinitare
713 4592 891 4666 praedicanda.
1137 4597 1196 4637 eam
1211 4597 1271 4636 enm
1286 4592 1374 4636 restra
1388 4578 1510 4634 doctrina
1529 4589 1681 4648 sequentes.

325 4679 486 4747 Universum
511 4689 656 4743 concilium
676 4684 769 4741 attin:
791 4685 846 4738 Deo
871 4682 1003 4750 irnpitto,
1028 4681 1084 4746 poi
1398 4671 1441 4726 ill.
1461 4670 1499 4724 De
1513 4671 1680 4724 continentia.
1889 4753 1893 4760 ι

287 4780 467 4852 professione,
486 4780 553 4835 itales
570 4778 770 4842 ecclesiastica,
788 4790 848 4845 que
872 4788 920 4840 per
934 4787 984 4825 nos
1000 4771 1083 4825 tradi·
1173 4766 1297 4821 borellus
1310 4764 1453 4833 episeopus
1466 4762 1532 4816 dixit
1545 4778 1552 4816 ε
1565 4761 1632 4816 con
1649 4761 1675 4814 ia
1692 4768 1902 4830 preteritarum·

287 4883 342 4940 tar,
366 4871 394 4926 itt
409 4871 461 4926 boc
481 4880 552 4926 coettt
567 4870 687 4939 glorioso
710 4866 834 4936 primitus
855 4861 1008 4919 confitenda
1024 4870 1083 4922 est;
1138 4858 1173 4913 lio
1192 4856 1200 4894 l
1223 4858 1257 4911 de
1274 4855 1456 4922 continentia,
1480 4863 1508 4907 et
1525 4850 1655 4906 castitatis
1674 4850 1848 4906 moderamine
1863 4851 1904 4897 ιιι·

325 5078 752 5142 rcodexllat.ldl2tntannln
774 5072 911 5142 praemissa
933 5061 1467 5128 ltttuelittt·Bliorniliarantmae.503.
1575 5129 1630 5141 ..
1729 5128 1736 5142 ι
1819 5123 1846 5137 ..

287 5160 341 5214 ltttn
366 5157 475 5224 praeiert
494 5168 571 5211 nam,
593 5152 656 5208 iii:
682 5149 819 5204 Canariam
841 5140 1083 5210 cnrrtrnqtnnrinm
1173 5134 1228 5187 ¹’in
1250 5134 1412 5198 praemissis,
1429 5146 1490 5200 qttae
1508 5130 1647 5185 brevtlelrs
1668 5137 1753 5198 grslta
1775 5133 1901 5182 oortstmtti,

287 5228 355 5284 titali
368 5243 412 5283 ιι.
429 5227 479 5282 bis.
495 5224 556 5280 Vnt.
573 5223 682 5292 Regiam
699 5221 767 5274 lilb'l
781 5236 788 5272 ε
805 5216 937 5284 Responsa
951 5222 974 5264 at
988 5211 1083 5289 consri-
1137 5208 1197 5260 leeu
1211 5207 1350 5286 trutinat-or
1361 5217 1480 5255 cationes
1494 5202 1593 5256 Nieaeni
1605 5200 1723 5253 ennodii.
1847 5263 1852 5275 .

288 5302 411 5362 tationes,
433 5311 491 5368 artae
516 5302 579 5362 apel
604 5291 761 5362 Cartbapine
780 5291 837 5342 acta
867 5292 936 5365 sant,
960 5284 986 5334 ln
1012 5289 1083 5332 araus
1173 5287 1184 5313 ⁰
1213 5277 1270 5327 lat.
1294 5274 1378 5335 lore,
1401 5279 1551 5338 separantur.
1573 5271 1631 5352 llos
1656 5269 1736 5324 codd.
1755 5264 1852 5349 lasteli
1866 5258 1902 5312 ds

287 5369 475 5426 adhibebimus
498 5370 580 5422 etiam
603 5367 755 5425 variantes,
781 5372 848 5429 qrtss
870 5353 1083 5418 Clu-rstopltorus
1139 5349 1193 5400 leat
1213 5347 1330 5412 firmata,
1346 5353 1372 5397 et
1394 5342 1494 5397 trabem
1514 5341 1705 5396 cnstadmntnr.
1732 5340 1820 5400 aran,
1839 5339 1902 5386 ⁶³³¹*

288 5440 417 5496 ittstellus
431 5438 553 5493 exhibuit
573 5451 607 5490 ex
628 5435 731 5486 duobus
755 5446 820 5484 mss.
841 5425 1037 5481 Bteltardinuo,
1057 5431 1083 5474 et
1140 5423 1251 5496 narrator.

288 5512 432 5574 rlraanso,
454 5522 525 5562 ttttoe
547 5507 622 5572 regio
643 5501 799 5558 colbertino
818 5500 885 5558 ist.
905 5493 949 5563 oni
965 5493 1081 5544 similent
1172 5487 1185 5523 ι
1202 5489 1291 5550 ibon,
1304 5483 1488 5538 attentandas.
1504 5481 1562 5537 llot
1577 5483 1645 5536 last.
1659 5480 1750 5542 codd,
1761 5479 1799 5533 Ad
1810 5481 1903 5538 carrale

287 5579 384 5636 borum
404 5593 538 5633 cananum
559 5575 719 5630 divisionem
740 5581 764 5627 el
786 5571 900 5625 iorutaot
923 5565 1081 5632 praeierunt.
1139 5561 1247 5637 latrans.
1312 5629 1317 5639 .
1402 5627 1407 5636 .

288 5649 335 5703 llsi
350 5652 430 5704 etiarn
451 5662 545 5702 sumus
564 5643 748 5702 variantibus,
764 5656 831 5708 onas
846 5655 880 5692 et
898 5639 1011 5689 latrettsr
1029 5647 1080 5685 rns.
1176 5640 1186 5664 ⁰
1205 5631 1293 5690 laon,
1309 5637 1344 5678 rto
1361 5625 1406 5678 Det
1423 5623 1539 5701 papillas.
1575 5697 1579 5704 ς

291 5720 325 5775 ιι
343 5720 374 5774 Ρ.
388 5717 542 5773 dominicus
561 5715 678 5773 linasius
700 5713 783 5766 edidit
801 5720 866 5766 tant.
882 5706 891 5760 l
907 5705 1085 5773 Srtpplemcoti
1177 5698 1186 5736 l
1203 5699 1287 5752 Cotld.
1301 5697 1383 5760 last,
1398 5699 1428 5750 rle
1442 5703 1611 5752 continentie.
