4000 6175
52 1034 57 1043 ,
158 986 185 1032 ct
197 978 327 1049 vulgares
340 979 367 1034 in
384 979 518 1037 Ecclesiis
542 981 607 1046 diei,
622 997 710 1052 neque
736 982 821 1039 libros
835 984 882 1054 uui
893 994 958 1040 sans

164 315 218 371 Μ
395 312 510 371 codex
527 313 693 373 cannitiis
712 312 853 374 ECCLES.
873 315 918 372 ar
936 312 1277 381 consttutionem.
1296 323 1397 385 settis
1415 326 1583 389 areston.
1749 330 1800 388 itt

96 516 101 526 ι
163 443 222 490 mm
235 431 282 502 qui
297 431 411 488 anniso
423 434 540 489 ordinati
554 442 627 501 suus,
643 432 711 490 nibil
720 447 803 502 spera
815 437 875 490 sioe
886 447 954 490 con·
968 433 991 491 tt
1008 432 1060 489 ies
1073 434 1106 501 ii,
1118 435 1152 493 ad
1168 437 1288 506 Galatas,
1305 441 1338 497 sd
1350 441 1494 511 Ephesios.
1507 443 1541 500 sd
1555 444 1753 518 Philippenses,
1766 450 1801 505 ad

161 521 279 580 scientia
294 522 413 592 episcopi
428 524 557 580 civitatis.
569 524 702 582 Similiter
714 525 796 581 etiam
807 524 959 596 presbyteri
1010 526 1203 595 Coiomonscs,
1218 531 1252 587 ati
1266 530 1297 588 rt
1309 534 1523 592 ossdoniccnses
1541 535 1552 592 i
1566 535 1644 606 etii,
1664 537 1699 593 ad
1714 538 1804 596 Tisuo·

160 613 233 670 nihii
247 614 306 670 siue
317 623 452 685 precepto
464 625 491 671 et
505 616 620 672 consilio
633 617 754 687 episcopi
766 625 859 688 agant.
1009 620 1125 676 tiaeurui
1143 630 1170 678 ei
1192 622 1225 687 il,
1242 622 1276 678 sti
1297 622 1397 691 Titum,
1418 625 1452 681 sd
1475 625 1671 696 Philemonem,
1688 628 1723 683 ati
1746 628 1803 684 ile-

198 703 294 760 Lilii.
309 704 370 763 lino
383 716 490 776 oportet
505 707 656 765 oblationes
670 708 698 764 io
712 705 839 764 domitus
851 709 886 765 ab
900 710 957 781 epi·
1008 711 1098 769 ireos
1115 710 1136 768 ¹.
1154 713 1162 766 i
1183 714 1256 771 Piait
1273 716 1417 775 concilians
1443 717 1577 775 Laodiciae
1600 719 1726 792 Phrygiae
1750 721 1804 778 Pa·

158 797 257 864 scopis
268 795 308 850 sel
323 796 490 868 presbyteris
499 797 572 854 iieri.
1007 807 1130 864 oatiauae.

197 884 269 941 ttx.
291 885 352 942 lion
374 897 483 957 oportet
497 888 616 959 psalmos
639 888 673 947 ab
687 890 777 946 idiotis
791 892 957 964 compositos
1212 940 1293 1016 ω
1306 941 1506 1001 mmmm,
1521 858 1605 1000 m.
1655 954 1661 971 ,

155 1078 243 1121 estra
265 1083 398 1127 canonem
421 1070 527 1140 tepere,
541 1070 623 1144 442
646 1074 698 1130 triti
716 1074 791 1129 soios
811 1076 956 1132 oenotrios
1008 1101 1354 1173 epmpppunfflessnpmpw
1374 1102 1548 1158 munitione,
1560 1104 1683 1173 ,mm
1696 1104 1729 1158 ,p
1743 1106 1798 1173 epp.

155 1159 224 1214 aori
239 1174 271 1215 oc
287 1161 385 1217 reseris
407 1160 585 1220 Testamenti.
603 1173 617 1202 ⁸
631 1163 697 1232 Quoe
719 1175 809 1221 autern
830 1177 956 1237 operteat
1043 1174 1128 1241 scopis
1147 1188 1180 1229 ct.
1201 1176 1245 1238 aui
1256 1174 1282 1227 in
1303 1189 1386 1228 enam
1406 1170 1656 1244 Constantinopolim
1676 1190 1801 1231 consene-

155 1248 226 1322 iegi,
243 1261 271 1307 et
286 1252 312 1306 iu
337 1254 525 1309 anctoritatem
545 1255 642 1323 recipi,
664 1256 722 1313 itoec
736 1266 817 1312 snut:
841 1257 955 1315 Genesis
1042 1252 1119 1307 fiiis
1131 1243 1377 1326 iiflid‘liidii‘l‘i‘
1388 1252 1437 1326 θ’,
1450 1241 1481 1326 R:
1498 1241 1634 1298 Nimim
1648 1244 1800 1328 ‘ifmiiu‘i

154 1341 268 1409 mundi,
283 1343 393 1399 Exodas
406 1343 527 1416 AEgypti,
551 1345 707 1415 Leviticae,
722 1346 843 1415 Numeri,
857 1347 955 1406 Dente·
1042 1322 1459 1439 ql'zmwffi'zzmgagrzmnuoe
1473 1330 1499 1367 Μ
1513 1311 1603 1368 &⁰³⁶⁰
1616 1324 1798 1382 ‘mmmmm

154 1437 326 1507 ressontium,
344 1436 409 1493 issu
423 1437 511 1507 Nare,
531 1437 667 1503 indicum,
691 1438 775 1505 nutu,
799 1439 953 1510 Regnorum
1042 1400 1054 1437 ⁸
1254 1401 1271 1455 ρ
1338 1398 1355 1452 Ρ

152 1531 635 1604 tttuttttfflsmtipomeuou,lineat,
644 1534 841 1591 derelictorum
850 1535 909 1590 iibri
919 1534 952 1603 li,
1011 1580 1015 1591 .
1039 1536 1106 1591 Cart.
1121 1534 1142 1591 i.
1158 1533 1217 1591 Non
1227 1534 1408 1605 spernendam
1428 1549 1489 1592 esse
1507 1535 1588 1592 iidem
1610 1536 1721 1592 Patruus
1740 1545 1798 1595 tre·

153 1631 165 1660 ι
181 1621 283 1678 Esdrae
297 1627 362 1691 duo,
378 1625 447 1682 litter
460 1625 630 1684 Psalmoram
645 1642 696 1692 ct,
715 1626 861 1683 Proreriia
876 1626 953 1684 snio·
1004 1638 1144 1683 censuram
1157 1625 1252 1682 decern
1266 1634 1295 1682 et
1312 1634 1384 1690 octo,
1402 1627 1448 1698 qui
1472 1627 1499 1683 in
1523 1626 1642 1684 [liceant
1666 1628 1798 1702 Bithynius

153 1715 259 1783 monis,
274 1715 463 1783 ecclesiastes,
478 1717 588 1775 caustica
600 1720 785 1784 Canticorunt,
800 1719 869 1788 lois,
884 1720 950 1779 lies-
1004 1726 1203 1784 etintenerunt;
1227 1716 1275 1773 sed
1300 1732 1410 1774 manere
1433 1733 1493 1773 eam
1516 1728 1601 1775 ratatu
1626 1729 1750 1789 oportet,
1770 1728 1798 1777 et

151 1814 206 1869 ter,
233 1803 248 1843 ‘¹
272 1807 415 1863 duodecim
438 1809 591 1879 emunata,
615 1809 641 1865 iti
660 1819 718 1876 est,
734 1810 827 1877 Osee,
853 1811 947 1879 tuus,
965 1804 1221 1895 Banttlaematizari
1244 1823 1353 1867 omnem
1375 1810 1517 1877 ennesius,
1530 1812 1687 1883 specialiter
1706 1821 1797 1868 autem

150 1895 225 1959 teet,
242 1895 354 1960 abdias.
367 1897 459 1965 lonas,
473 1896 601 1965 iiiciteas,
614 1899 731 1971 Nalausn,
747 1901 886 1970 Alaenoi,
899 1903 951 1959 So·
1003 1902 1244 1968 Erinomianornm,
1262 1899 1332 1972 lqul
1347 1900 1443 1957 Latinio
1457 1901 1518 1957 sine
1538 1902 1596 1972 iege
1610 1901 1754 1965 dicuntur:
1769 1911 1795 1957 ot

150 1988 284 2055 pionias.
310 1993 442 2060 tigamus,
463 1990 524 2046 zue
536 1993 625 2060 arias,
648 1994 800 2064 tdnpeias
823 1996 948 2061 liniacisi,
1002 1996 1172 2063 arianorum,
1188 1995 1246 2053 site
1259 1993 1495 2063 Eudoxianurum,
1510 1994 1794 2063 etSetniarisuuruus,

97 2142 104 2149 ‚
152 2077 250 2137 ¹iteus
267 2081 370 2151 Esaias,
387 2083 546 2150 iiieretuias,
563 2083 701 2154 aneisiei,
725 2085 858 2143 danicis
882 2089 950 2146 Noui
1003 2105 1053 2143 uee
1067 2104 1120 2144 nou
1131 2088 1450 2153 i'ueumutonsaelturunt,
1465 2086 1490 2142 id
1507 2087 1612 2157 camut
1626 2096 1719 2141 eontra
1735 2086 1793 2151 Spi·

148 2171 325 2229 Testamenti
335 2173 476 2245 iisanpeiia
485 2186 610 2247 quatuor,
622 2179 770 2234 secundum
783 2180 948 2249 iiattnaennt,
1002 2182 1082 2236 ritum
1096 2188 1217 2236 sanetum
1234 2187 1364 2251 paganum
1382 2187 1402 2216 ¹¹¹
1413 2176 1643 2243 i‘irntmiuuuruns,
1660 2186 1687 2232 et
1701 2174 1795 2232 Sabei-

147 2262 306 2320 secunduns
331 2264 464 2333 liarcum,
491 2268 639 2324 sectsndum
664 2267 779 2337 iuream,
800 2274 947 2328 secutsdusn
1000 2277 1146 2345 lituorum,
1157 2283 1185 2332 et
1195 2272 1460 2344 apollinaristarum·
1696 2328 1703 2339 .

148 2357 306 2425 loannem
322 2360 403 2413 Actius
419 2359 619 2429 Apostolorum,
635 2357 650 2398 ¹¹
674 2362 796 2430 epistole
810 2365 947 2422 eauossiea
1036 2370 1067 2426 li.
1080 2367 1206 2439 Episcopi
1218 2366 1291 2438 quir
1306 2379 1387 2437 super
1399 2363 1538 2421 ditecesius
1554 2371 1629 2429 suat,
1642 2361 1676 2417 ad
1696 2360 1788 2419 Eccle-

148 2461 276 2521 “liiems
290 2450 361 2507 Pelii
376 2452 445 2518 due,
466 2451 559 2508 laconi
583 2466 647 2521 uus,
663 2452 774 2509 loannis
789 2463 854 2517 tres.
871 2455 947 2512 lude
998 2461 1054 2517 sias
1068 2474 1128 2527 uuae
1143 2467 1219 2515 extra
1234 2459 1365 2516 terminos
1377 2470 1473 2513 eoram
1487 2462 1550 2510 suut
1569 2468 1624 2508 uun
1644 2450 1790 2519 accedant,

148 2558 223 2611 una;
237 2544 361 2615 epistoiae
376 2542 452 2599 Pauli
464 2542 574 2627 Xii,ad
585 2545 733 2612 Romanos,
748 2547 781 2601 ati
792 2547 945 2606 Cuiutluos
1000 2565 1088 2620 sueque
1100 2548 1267 2606 cossiaudant
1291 2558 1318 2603 et
1342 2547 1526 2617 permisceant
1550 2541 1700 2607 Ecclesiae,
1715 2548 1728 2577 ⁰
1744 2539 1793 2596 sed

148 2702 239 2758 ditali
253 2709 329 2764 timi,
344 2702 410 2756 iiiiii
426 2718 501 2775 tim
518 2704 573 2758 title
589 2703 746 2759 conscientia
765 2706 892 2775 citimum
913 2724 946 2765 ac
999 2698 1098 2777 censes,
1112 2708 1212 2762 decima
1226 2716 1249 2761 ct
1264 2707 1400 2763 onimium
1412 2709 1446 2761 ati
1458 2706 1630 2768 Tintoticunt,
1644 2705 1793 2760 duodecimo

147 2774 245 2828 omisit
260 2774 373 2841 reliqua.
389 2771 487 2830 Veram
503 2774 687 2844 integramque
698 2776 853 2839 lectionem.
865 2793 945 2848 quam
998 2779 1034 2833 ad
1045 2777 1142 2840 Titum,
1153 2776 1253 2832 decima
1262 2780 1380 2834 testiaad
1389 2777 1578 2844 Pitiieuscnsns,
1591 2776 1690 2831 demna
1701 2784 1793 2846 pasrta

146 2846 193 2899 iile
209 2860 245 2897 es
262 2846 334 2911 vulg.
350 2846 382 2899 is.
407 2855 435 2901 et
447 2846 508 2901 cod.
529 2844 658 2900 Tritiaaeo
682 2844 777 2914 rejecit
794 2849 823 2901 in
840 2851 946 2920 marpi-
1002 2850 1037 2903 ati
1050 2846 1182 2903 iirlrtros.

146 2928 226 2976 netu,
240 2927 292 2967 nus
305 2928 365 2968 cum
378 2916 477 2971 nostris
489 2915 627 2971 codicibus
639 2916 816 2972 restituimus.
1038 2918 1088 2973 ¹in
1104 2933 1155 2972 ms.
1176 2917 1276 2973 Veron,
1297 2916 1333 2974 55
1350 2918 1456 2975 additur·
1477 2916 1645 2990 Apocalypsis
1669 2914 1790 2970 imanis,

181 2996 195 3020 ·
209 2984 374 3051 Quesntiius
387 2987 478 3040 osni-u
492 2996 648 3057 sequentem
660 2988 809 3056 catalogum
824 2986 944 3057 Scriptu-
998 2988 1052 3044 iiic
1061 2989 1181 3042 concludi
1195 2987 1268 3044 deist
1279 3005 1360 3044 canon
1375 2988 1570 3045 ectiniartisus.
1587 2985 1709 3055 Explicit.

146 3070 258 3120 saturn,
270 3054 392 3122 hancque
407 3059 572 3112 notationem
583 3056 713 3125 stubiecit:
730 3056 763 3111 in
777 3058 837 3113 aliis
849 3061 945 3114 nessio-
1036 3060 1043 3112 l
1065 3058 1138 3114 lianc
1152 3058 1298 3114 clausulam
1312 3075 1345 3117 ex
1361 3076 1413 3117 ms.
1429 3058 1508 3115 vina.
1519 3057 1694 3128 subjecimus.

145 3127 227 3179 aibas
242 3126 426 3192 (scribendum
440 3127 563 3182 iueratin
574 3129 683 3198 culpatis
693 3128 848 3183 editionibus
861 3113 982 3202 indic
1034 3130 1111 3186 title
1130 3130 1223 3186 lituins
1246 3131 1272 3184 in
1291 3130 1369 3186 iiind.
1396 3145 1449 3185 me.
1476 3131 1606 3199 iegitur...
1629 3125 1791 3193 Qusesnetius

145 3207 170 3250 et
184 3200 272 3251 etiam
283 3198 311 3249 in
323 3193 414 3251 Graeco
433 3201 547 3267 setpu'tns
563 3201 694 3268 cassiopas
713 3198 836 3252 librorum
854 3203 945 3257 ueteris
996 3203 1068 3256 nuuc
1083 3202 1165 3254 alium
1179 3200 1316 3269 praeiniit:
1332 3200 1450 3256 Canaces
1460 3200 1562 3254 condiii
1577 3197 1791 3264 Constantinopo-

145 3275 170 3321 rt
187 3267 254 3320 uoti
275 3264 506 3334 testamentus
526 3269 594 3321 deest
612 3269 640 3320 in
655 3277 763 3338 utroque
777 3284 826 3322 ms.
844 3272 942 3339 codice,
996 3273 1070 3326 iitani
1080 3288 1096 3325 a
1107 3269 1156 3325 iso
1167 3271 1306 3344 episeopis,
1323 3271 1428 3342 quando
1439 3268 1472 3325 B.
1487 3268 1627 3325 Nestorius
1637 3268 1720 3322 eidem
1734 3269 1791 3321 sarii

146 3339 281 3392 nimirum
295 3336 322 3391 in
338 3336 466 3392 incanae
476 3349 501 3391 et
515 3338 661 3392 oxoniensi
674 3338 753 3408 itntjus
763 3339 942 3401 collectionis.
994 3353 1033 3397 est
1047 3343 1180 3397 ordinatus
1194 3343 1339 3413 episcopus,
1352 3341 1398 3396 snb
1412 3341 1494 3410 primo
1509 3339 1654 3395 Theodosio
1674 3338 1790 3408 piissima

146 3421 220 3477 quos
231 3407 294 3476 ipse
307 3407 450 3462 etsusuluit.
470 3408 507 3463 Αι
520 3422 581 3462 eum
602 3408 751 3476 reperimus
770 3408 798 3463 in
813 3413 943 3479 praestan-
994 3415 1121 3482 Aupusto.
1133 3410 1236 3465 iiorusn
1249 3425 1382 3465 cautinum
1398 3411 1487 3465 tersio
1500 3420 1541 3464 cst
1552 3410 1596 3463 illa
1611 3421 1680 3477 uun,
1697 3407 1732 3461 ais
1743 3407 1790 3462 lsi·

147 3478 259 3532 tissime
273 3477 334 3534 cod.
349 3477 427 3533 l'iul.
440 3477 561 3546 cisssdeut
577 3480 757 3544 collectionis,
769 3494 801 3534 ac
814 3490 943 3548 preterea
995 3482 1064 3537 doro
1081 3491 1206 3550 recepta,
1225 3480 1371 3535 isidoriana
1392 3487 1514 3534 vitentur.
1537 3478 1611 3533 liutto
1631 3477 1788 3531 eornsudcsn

146 3546 173 3602 in
188 3547 300 3602 duoims
313 3550 372 3602 alsus
387 3547 445 3602 int.
465 3546 533 3603 tati
547 3558 574 3602 et
585 3547 686 3603 Veron.
703 3549 747 3614 stt,
760 3550 804 3619 qui
821 3550 944 3606 isidoria-
995 3564 1130 3605 canonum
1155 3551 1307 3605 versionem
1331 3551 1481 3617 reperimus
1506 3548 1532 3601 iu
1557 3561 1609 3600 tus.
1626 3546 1723 3600 ieron.
1741 3546 1787 3611 55,

146 3633 214 3672 uam
230 3619 519 3674 neminemneminer
534 3620 675 3675 estiment.
692 3618 759 3673 tnnc
774 3622 825 3673 i-te
842 3621 944 3674 catadu-
993 3635 1054 3677 cum
1070 3620 1120 3675 isoc
1135 3620 1212 3674 titulo
1226 3636 1233 3672 ι
1249 3618 1487 3686 incipiuntssatute
1504 3633 1548 3671 sen
1567 3616 1729 3685 definitiones
1743 3630 1787 3684 sp·

164 3704 198 3743 os
214 3686 250 3741 ait
271 3700 380 3743 auctore
402 3689 481 3757 liujus
504 3689 731 3757 interpretationis
748 3691 864 3744 omissus
888 3705 941 3744 nun
994 3692 1056 3745 nodi
1068 3686 1359 3756 Constantinopolitanae
1371 3685 1785 3758 episcoporunttts,quantoor·

159 3768 222 3823 eut,
239 3771 273 3812 ao
286 3759 399 3826 proinde
418 3760 471 3815 dan
489 3760 527 3814 iiii
543 3760 650 3814 codices
670 3759 775 3813 Titano.
798 3769 825 3812 st
843 3760 941 3827 Onon,
994 3761 1098 3814 dinatus
1109 3767 1145 3813 est
1155 3757 1188 3812 B.
1204 3758 1352 3814 Nestorius.

146 3829 193 3896 tini
211 3827 301 3882 tanti
312 3842 379 3882 auos
394 3845 511 3884 canones
524 3844 558 3884 cs
572 3829 666 3884 eudem
683 3843 807 3882 versione
821 3844 942 3898 sumpse·
1033 3828 1042 3868 ¹
1057 3830 1133 3902 iulg.
1151 3828 1214 3884 isid.
1230 3827 1331 3884 addttnt
1344 3841 1405 3884 eunt
1419 3826 1513 3883 Graeco
1526 3825 1578 3882 sins
1597 3824 1784 3893 dnontaorttns,

146 3908 225 3961 suut,
241 3897 305 3952 dutu
319 3897 371 3955 hoc
382 3900 618 3969 catalogocueus,
636 3898 783 3969 imperiesti
799 3908 870 3953 snut.
995 3899 1110 3969 huicque
1126 3900 1183 3955 soci
1207 3900 1373 3967 respondent
1391 3898 1545 3966 sequeutia,
1568 3896 1613 3966 poi
1624 3893 1716 3948 iatine
1728 3897 1784 3949 sins

183 3967 314 4035 hittun,
333 3971 361 4023 id
381 3979 419 4023 est
440 3968 680 4035 analetictoram,
704 3970 855 4023 ntesniose:
879 3983 941 4023 cor·
993 3969 1191 4036 teqettcnnssr.
1210 3961 1277 4026 lieiu
1298 3984 1378 4026 voces
1394 3965 1673 4024 sineiiutlorionorstm
1687 3963 1784 4021 timont

146 4052 196 4094 rex
209 4051 272 4093 mus
284 4052 318 4092 es
333 4053 384 4094 ms.
401 4039 500 4097 llerou.
516 4039 594 4111 iulg.
608 4038 672 4096 isid.
687 4053 714 4094 et
729 4038 790 4094 liat.
808 4040 855 4094 iras
876 4043 942 4095 dnus
994 4041 1022 4095 iu
1037 4055 1088 4096 ms.
1104 4039 1184 4095 Vinii.

147 4124 233 4164 voees
247 4106 381 4178 ignorant.
1030 4120 1051 4148 ¹²
1066 4111 1151 4167 Cotid.
1165 4108 1264 4165 ieron.
1281 4109 1316 4167 55
1327 4118 1355 4166 et
1373 4107 1416 4164 sul
1438 4147 1445 4162 .
1464 4106 1513 4172 is,
1532 4104 1706 4162 concinentes
1720 4119 1783 4161 cunt

185 4189 199 4218 0
215 4178 339 4250 itaruip.
355 4177 651 4236 incanduerunt
667 4179 750 4235 nostri
767 4177 942 4235 coddomit·
994 4182 1098 4246 ‘'rmeo,
1114 4179 1364 4244 etsist-tumorem,
1384 4188 1407 4233 st
1449 4175 1658 4242 inminuamus,
1672 4172 1783 4230 ctPite·

146 4258 209 4303 tunt
221 4250 284 4303 dae.
994 4252 1167 4317 tinianornus,
1183 4260 1206 4304 et
1224 4249 1478 4322 apollinaristarum.
1501 4245 1580 4303 itud.
1601 4254 1663 4316 post
1682 4259 1780 4301 nomen

183 4317 198 4354 ⁴
216 4318 334 4374 Sicend.
351 4317 505 4374 Vindium
520 4319 593 4388 sulp.
611 4317 646 4374 is.
659 4318 687 4374 iu
707 4316 768 4374 iat.
785 4320 861 4375 deest
877 4319 942 4373 duo
992 4323 1015 4375 A
1034 4322 1235 4378 oliinaristornsn
1255 4319 1329 4375 addit
1350 4330 1374 4373 st
1386 4317 1627 4382 Marcellianorsns,
1649 4324 1675 4371 et
1688 4315 1778 4370 Moni-

145 4389 243 4456 decint,
259 4399 288 4444 et
300 4387 328 4443 id
338 4399 386 4443 est.
402 4389 510 4446 ieron..
526 4389 661 4443 duodecim
676 4392 859 4458 propraetorem
870 4390 939 4456 iibri,
992 4407 1007 4444 c
1025 4406 1133 4455 oeorttstt,
1145 4399 1168 4443 et
1187 4389 1301 4444 omniunt
1318 4390 1361 4460 pei
1375 4404 1391 4442 a
1414 4403 1479 4443 taus
1492 4385 1611 4442 doctrina
1630 4393 1653 4440 ct
1668 4384 1782 4442 iictlest'a

145 4459 174 4512 id
186 4472 241 4526 cst,
254 4468 307 4515 etc.
330 4462 357 4514 ln
379 4458 475 4516 Graeco
492 4462 598 4529 vulgato
619 4460 726 4515 nomina
751 4463 939 4529 prophetarum
954 4460 1120 4538 „catholico
1132 4460 1275 4514 discedent.

145 4528 292 4585 duodecim
305 4528 503 4586 desiderantur.
1027 4539 1042 4568 ι
1059 4529 1136 4586 i’ind.
1147 4545 1207 4586 eum
1217 4530 1290 4600 reip.
1304 4529 1351 4596 is,
1362 4537 1445 4584 nstra.
1454 4525 1554 4584 Veron.
1569 4524 1669 4582 ideam
1680 4524 1780 4595 Oxou..

183 4611 197 4637 ⁸
212 4601 249 4652 lta
261 4600 322 4654 cod.
343 4598 423 4653 Viud.
446 4600 474 4655 iu
489 4614 555 4654 utss.
573 4598 633 4655 liat.
644 4606 672 4654 et
690 4597 803 4658 ieron..
817 4598 939 4681 awaus,
992 4605 1071 4656 uitta.

146 4666 311 4734 linimuiau
322 4671 357 4724 ita
366 4682 455 4725 nmen
468 4684 495 4725 ut
511 4672 537 4723 io
553 4668 613 4725 i'at.
626 4672 740 4740 aenam
749 4681 828 4726 antea
842 4680 938 4725 sterent
1028 4680 1041 4707 ⁰
1057 4671 1084 4726 iu
1093 4683 1157 4725 mss.
1169 4667 1249 4738 huius
1257 4667 1424 4724 collectionis
1438 4666 1510 4722 saris
1522 4676 1565 4721 est
1574 4678 1706 4723 canonum
1718 4680 1781 4737 par·

147 4741 266 4809 legatur,
282 4740 308 4794 iu
330 4736 432 4794 Veron.
454 4751 543 4796 autern
564 4739 713 4795 onustatur.
731 4739 810 4809 tute.
835 4738 869 4793 is.
896 4740 939 4796 inc
992 4741 1060 4796 titio.
1077 4738 1157 4796 lind.
1172 4738 1266 4795 dividit
1285 4739 1312 4793 in
1327 4752 1446 4793 satiasses
1470 4752 1506 4802 st,
1522 4752 1554 4790 uc
1578 4746 1718 4806 propterea
1736 4738 1780 4793 irie

147 4809 231 4863 aaut
246 4821 349 4865 tanturn
365 4809 518 4874 iiaiarisius,
533 4822 559 4865 et
573 4824 652 4879 supra
666 4810 785 4881 Appoeus.
991 4820 1067 4865 notat
1079 4825 1140 4866 can.
1156 4807 1205 4876 itt;
1220 4809 1282 4866 dein
1297 4809 1329 4864 ai
1348 4822 1440 4864 t'orotn
1456 4806 1569 4862 ortensis
1587 4821 1718 4863 mannent
1732 4805 1778 4874 iil,

186 4879 197 4918 ¹
216 4879 313 4934 ieron.
343 4878 409 4935 itens
419 4882 476 4935 tilii
487 4893 607 4952 quotuor,
626 4880 730 4939 Esaias.
743 4889 796 4935 etc.
990 4882 1024 4934 ad
1039 4882 1081 4935 iiia
1097 4880 1150 4938 Sed
1171 4892 1195 4935 et
1209 4880 1313 4934 Asiana
1332 4893 1393 4934 cun.
1406 4876 1446 4946 i,
1465 4876 1543 4932 Ponti
1563 4888 1648 4931 autem
1660 4892 1720 4932 ean.
1734 4875 1777 4944 vt,

183 4948 286 5007 rident
310 4923 424 5012 ieron..
448 4950 472 5004 lt
489 4969 513 5004 us
528 4954 585 5005 noni
601 4949 765 5005 insanienti.
788 4948 865 5022 iulg.
891 4951 937 5016 is,
990 4951 1110 5007 Thracio
1122 4967 1178 5007 sero
1192 4965 1253 5006 can.
1267 4947 1324 5016 liii,
1347 4948 1408 5004 ilion
1421 4949 1541 5003 inritatos
1559 4962 1620 5003 eso.
1640 4945 1709 5010 itti,
1726 4944 1778 4999 Ec·

147 5016 217 5073 Nori
228 5029 314 5075 enum
326 5018 489 5075 Testamenti.
989 5022 1081 5075 ctesias
1102 5033 1188 5076 asttnt
1208 5036 1269 5076 can.
1285 5019 1332 5085 lx,
1355 5017 1646 5083 conrauttnopotttnnae
1667 5031 1727 5070 ean.
1741 5014 1776 5079 Χ,

184 5087 310 5157 hliind„
332 5092 466 5146 catioicoe
488 5090 743 5159 epistoioesonouicoe
767 5086 856 5154 Petri,
883 5100 937 5147 etc.
991 5089 1031 5144 Dc
1046 5089 1236 5146 iinninoean.
1253 5089 1299 5144 iii.
1314 5089 1504 5144 CodexOson.
1525 5102 1604 5155 quem
1617 5083 1777 5152 Quosneiius

146 5156 228 5229 iulg.
243 5163 290 5225 is..
307 5161 429 5228 Epistola
442 5162 576 5215 saliatica
593 5170 698 5232 septena.
712 5160 825 5215 Codices
838 5160 936 5217 ieron.
989 5172 1098 5215 secutus
1113 5170 1164 5225 est,
1182 5173 1236 5216 tres
1259 5167 1362 5214 tantum
1377 5172 1493 5214 atrones
1515 5156 1638 5224 partitur.
1663 5152 1720 5208 sm
1734 5167 1777 5208 se-

146 5241 175 5283 et
192 5231 250 5286 iat.
267 5233 450 5299 prassinum
465 5233 587 5286 artiitscm
602 5245 667 5285 seru
682 5232 783 5286 codicis
803 5230 881 5285 ilud.
896 5246 938 5285 re·
988 5230 1077 5283 rustitio
1090 5231 1162 5285 enirn
1176 5243 1279 5284 canone
1303 5227 1426 5295 Episcopi
1440 5227 1561 5294 quintum
1576 5238 1591 5278 a
1610 5222 1686 5304 nobis
1702 5236 1777 5278 rece-

146 5301 286 5356 tineimas.
302 5302 332 5357 in
354 5302 411 5357 ilat.
429 5304 497 5358 alias
509 5318 577 5355 oruu
591 5300 697 5370 iegitur,
714 5311 742 5357 nt
759 5301 787 5356 in
803 5300 898 5355 Graeco
910 5310 937 5357 et
989 5310 1062 5369 ptum
1079 5299 1276 5368 cttmpteeutur,
1289 5297 1359 5367 quod
1384 5296 1551 5367 Dionysiana
1564 5307 1696 5350 sessionis
1713 5307 1776 5362 pro·

145 5369 404 5507 {inlidit
420 5367 860 5497 itlliniilnt‘i.iti
873 5388 937 5508 “iit
989 5362 1776 5508 llllinitialiter.izit'inlllillii

148 5521 240 5578 postea
256 5512 307 5569 isac
320 5514 424 5568 ratione
441 5513 517 5567 Persii
535 5513 662 5580 epistolas
679 5482 869 5565 recensetzati
883 5509 936 5564 ilo·
991 5510 1042 5562 nis.
1057 5508 1180 5564 'lotidem
1193 5511 1265 5562 euim
1283 5519 1401 5560 canones
1416 5505 1459 5559 alii
1478 5504 1586 5559 codices
1602 5503 1775 5559 isidorianam

145 5582 271 5644 mosmi.
286 5583 400 5637 secundo
419 5592 442 5636 et
461 5584 535 5637 tertio
554 5581 588 5635 ad
610 5581 774 5642 Corinthios,
790 5590 883 5650 quarta
904 5581 938 5632 art
991 5580 1236 5648 interpretationem
1261 5577 1433 5645 praeferentes
1452 5574 1643 5638 atsttuntunt:
1663 5574 1701 5629 ttti
1727 5573 1774 5628 ic·

145 5648 264 5718 Galama,
287 5655 377 5724 punto
388 5654 422 5707 od
438 5650 582 5723 Ephesios,
598 5662 670 5706 tecta
687 5652 722 5704 od
745 5648 937 5718 Piilippenses,
993 5664 1053 5702 run.
1070 5650 1103 5706 ad
1119 5658 1146 5703 et
1159 5650 1231 5719 sul„
1257 5648 1304 5711 is.,
1323 5661 1384 5702 cum
1399 5645 1496 5713 utribus
1519 5643 1671 5700 i'ermndus
1683 5645 1774 5701 cinci·

148 5724 256 5792 septima
270 5724 304 5778 ad
318 5721 490 5791 Caiosssuses,
505 5736 592 5778 actutu
607 5732 630 5777 et
644 5737 712 5777 nona
726 5721 760 5774 sd
779 5717 941 5775 Thessaloni·
993 5721 1041 5774 ait.
1058 5719 1091 5776 iii
1105 5728 1193 5776 autern
1207 5721 1234 5776 iu
1256 5733 1290 5776 eo
1304 5718 1392 5774 solum
1411 5715 1580 5787 discrepant,
1602 5715 1673 5786 quoti
1691 5730 1773 5771 cauo·
