4000 6175
149 330 204 388 053

413 327 690 409 subicitsubiicit
709 328 992 385 ocsunvittouss
1013 329 1046 385 tlt
1067 329 1217 387 uissstttt
1237 332 1283 388 xli
1302 330 1504 400 Quusscttt.

1727 334 1781 391 ulit

148 443 242 509 ideque
255 440 326 495 euim
347 438 399 493 niti
413 438 588 506 apertissimis
605 438 771 504 erptrueiitis
786 437 940 501 persuaderi
955 439 979 498 Α
994 440 1090 493 tissimi
1115 440 1267 510 pontifices,
1282 440 1380 510 aliique
1405 440 1517 495 studiosi
1543 437 1665 493 homines
1689 438 1780 499 licitiae

148 512 259 579 poterit,
280 512 455 578 ipsumque
480 520 581 563 tontum
603 523 664 575 erga
685 508 808 562 dionius
822 522 940 563 canones

147 581 347 637 observantium
360 579 478 648 protessis
491 588 540 641 cst,
556 578 605 632 liae
618 580 644 632 in
659 593 689 632 re
699 580 732 630 oli
745 579 863 632 oninium
874 579 939 633 alia-

147 650 407 707 ruinlieclesinrtrm
425 649 617 704 consuetudine
636 658 663 702 ct
681 663 695 699 u
714 648 819 701 Nicrciie
841 650 940 703 consti·

148 722 255 775 tutione
266 720 424 783 desciuisse,
439 734 471 774 ac
488 733 504 774 c
523 721 578 770 suis
592 717 706 771 lliccnre
726 718 821 787 synodi
845 733 940 774 erem·

148 792 269 860 pluribus
283 804 413 844 cononem
426 790 461 843 de
475 788 660 854 scuiilletiioue
678 789 849 854 expunxisse.
867 788 938 843 Con·

148 862 190 913 loc
204 870 261 914 not.
275 860 292 913 5
304 860 415 927 (Supra.
430 856 480 911 col.
498 858 562 923 928,
577 858 663 926 uota)
684 858 709 910 in
725 872 785 925 cap.
807 858 824 912 5
841 858 940 913 disser-

147 931 260 984 tationis
280 929 488 996 Quesiicllianae‚
512 929 538 981 iu
556 944 608 996 unu
629 928 708 981 uliam
724 927 939 985 observationem

148 998 272 1053 hocloco
284 1009 460 1067 opportunam
473 999 670 1066 proposuimus.

186 1070 233 1122 lx.
254 1069 335 1140 tinget
357 1070 515 1134 oriesnelius
528 1067 661 1121 delectum
680 1067 791 1122 cunonis
806 1068 840 1123 de
862 1070 939 1123 cinit·

147 1140 229 1193 trudi
241 1139 427 1204 perindeilooe
441 1154 492 1192 oon
509 1149 562 1190 torn
576 1137 602 1190 in
622 1153 669 1190 stis
687 1137 847 1192 collectione
858 1154 938 1208 quant

147 1209 175 1263 iii
192 1210 391 1263 ubbrerisuone
405 1207 503 1262 liuilni.
518 1206 584 1260 Cnin
595 1221 661 1261 rero
679 1206 749 1261 idem
764 1222 849 1261 canon
869 1211 940 1264 desit

147 1279 231 1334 eliani
251 1279 277 1331 in
293 1281 343 1332 alis
358 1277 538 1332 uetustissimo
558 1281 883 1347 interpretatiunculam
905 1295 939 1335 cx

147 1364 202 1402 ms.
219 1349 279 1401 Vel.
296 1348 405 1416 neptun.
419 1348 487 1401 istil
507 1348 558 1401 lioc
571 1356 643 1401 tutuo
657 1347 801 1412 edidimus,
825 1348 939 1403 munile·

146 1429 221 1473 stum
246 1418 276 1472 lit
302 1423 371 1471 utine
387 1417 519 1473 deli-ctum
544 1431 597 1470 non
618 1416 747 1485 proticisci
764 1431 797 1472 es
815 1421 939 1475 rei-sione

147 1486 282 1553 li‘mooa,
298 1487 345 1540 sed
360 1501 392 1540 ex
408 1486 540 1553 aliquibus
552 1484 715 1541 dctntuoits
733 1485 834 1542 Grecis
848 1504 939 1542 esem·

146 1558 213 1624 ptis,
229 1574 264 1611 rs
280 1557 376 1625 ouibus
396 1566 450 1610 tum
465 1556 575 1609 linllmis
588 1555 815 1611 abbreviationem
831 1573 939 1627 compe·

146 1630 198 1696 git,
219 1636 273 1680 tutu
299 1625 404 1681 laudata
424 1625 609 1690 interpretatio
624 1625 743 1681 deriruta
764 1625 835 1680 iuit:
859 1643 937 1695 ortatu

147 1699 258 1765 quidem
272 1705 367 1749 unctor
380 1695 546 1750 collectionis
556 1695 751 1762 Quesnellianur
763 1697 791 1749 in
803 1698 938 1753 nomiullls

991 510 1072 581 765
1086 511 1239 575 llorucrint;
1254 512 1276 565 si
1293 510 1319 565 lii
1332 512 1437 578 publico
1455 512 1512 565 risui
1534 509 1719 563 collectionum
1733 525 1781 565 ca·

991 596 1091 635 tionum
1105 590 1133 636 et
1146 582 1366 636 constitutionum
1382 582 1597 642 condonassent,
1624 580 1690 634 niliii
1705 578 1778 636 dubii

990 662 1032 704 est
1047 652 1110 718 niiin
1124 652 1293 707 documentis
1310 665 1384 707 recto
1398 652 1493 705 ordine
1507 649 1643 714 dispositis
1658 650 1777 703 codicem

990 723 1111 775 oninium
1126 723 1255 792 optimum
1278 721 1355 776 nobis
1367 722 1516 776 dedissent.
1533 721 1626 774 iiirnm
1643 720 1778 788 igiturest
1804 762 1808 768 .

989 791 1162 857 02csiiettuiu
1177 808 1209 847 es
1229 805 1261 848 ca
1279 792 1444 853 confusione,
1465 806 1526 857 num
1540 805 1563 845 tr
1578 785 1699 843 nonani
1719 790 1778 855 cius

990 860 1139 928 proscribo
1165 863 1292 929 tenuioris
1312 862 1429 917 Eccles²s
1451 862 1567 915 maxime
1584 860 1720 919 abhorret,
1736 861 1778 913 in·

990 932 1084 986 tulisse
1098 931 1217 987 codicem
1233 930 1467 986 eisetltomounm.
1487 930 1547 1000 ipso
1561 930 1688 997 cotipusio,
1704 929 1740 981 ait
1750 944 1776 984 c.

989 998 1018 1061 i,
1035 1016 1061 1053 n.
1077 1002 1103 1064 l,
1123 1018 1175 1071 que
1196 1002 1308 1066 edentur
1325 1000 1484 1055 diinretttitis
1498 1001 1604 1070 quidum
1629 998 1779 1068 dionysium

991 1069 1121 1138 diripuerit
1134 1072 1167 1123 ed
1183 1088 1274 1125 nouum
1287 1073 1431 1126 euderttliun
1444 1071 1555 1136 impulit,
1569 1069 1710 1123 Remorum
1724 1067 1779 1120 ele

990 1148 1042 1192 mut
1056 1141 1178 1194 cotiiccm.
1191 1140 1282 1205 uenus
1296 1144 1357 1195 linic
1376 1144 1516 1196 sententiis
1526 1140 1668 1208 qiiiduuam
1681 1136 1776 1191 suffra·

988 1218 1068 1278 gutur
1080 1209 1259 1264 testiinonium
1271 1211 1341 1280 oiiud
1356 1212 1397 1264 liis
1409 1210 1497 1264 verbis
1519 1210 1638 1275 respicit,
1654 1206 1773 1276 Dionysii

991 1280 1017 1332 in
1042 1278 1156 1347 epistole
1175 1280 1208 1333 ad
1231 1279 1405 1346 Steplianum.
1428 1279 1571 1349 Dionysius
1584 1279 1656 1333 enlin
1677 1294 1731 1332 non
1744 1278 1778 1331 de

990 1347 1097 1414 publicu
1116 1348 1243 1403 Romane
1267 1347 1394 1404 Ecclesite
1413 1350 1510 1404 Codice
1529 1349 1653 1417 loquutur,
1677 1362 1727 1401 nec
1744 1350 1778 1402 do

989 1417 1210 1474 documentorum
1220 1419 1286 1474 ineo
1294 1418 1463 1485 contusione,
1470 1419 1516 1474 sed
1525 1418 1642 1486 loquitur
1649 1417 1777 1472 denaus·

990 1487 1090 1544 lotione
1100 1494 1185 1558 prisca
1201 1504 1333 1544 canonum
1348 1488 1513 1544 Grucornm,
1530 1502 1590 1556 quiae
1607 1485 1778 1541 circumiere·

990 1556 1067 1611 batur
1089 1561 1115 1612 itt
1137 1558 1274 1614 codicibus
1296 1558 1454 1629 presertim·
1467 1557 1574 1617 italicis,
1593 1555 1671 1624 cujus
1685 1554 1778 1609 conin-

990 1626 1066 1683 sionc
1079 1628 1238 1683 Laurentius
1256 1630 1396 1699 presbyter
1415 1629 1551 1683 Romanus
1563 1624 1691 1689 odendis,
1705 1639 1777 1683 etim·

991 1696 1052 1751 dent
1066 1699 1219 1769 llionyiinm
1233 1699 1265 1754 sd
1281 1715 1377 1753 uotum
1391 1696 1547 1752 eorumdem
1557 1710 1688 1750 canonum
1702 1694 1772 1748 inter

146 1776 259 1822 securlus
273 1779 325 1830 est,
342 1780 373 1819 ae
393 1767 539 1834 presertim
555 1766 581 1818 in
602 1766 748 1820 omissione
763 1765 841 1832 liuius
855 1781 936 1822 cano·
992 1769 1166 1834 pretationem
1182 1770 1371 1823 lucubrandum
1394 1767 1545 1837 impulertt.
1567 1767 1630 1821 ilaee
1653 1764 1778 1819 iiiniirnm

147 1838 194 1890 uie
212 1836 264 1905 (a),
276 1846 305 1889 nt
317 1836 344 1889 iu
360 1837 429 1889 notis
441 1834 474 1888 sti
486 1842 566 1904 cupiit
580 1834 592 1888 l
611 1835 694 1903 ipsius
704 1837 870 1892 collectionis
881 1839 934 1893 aul·
990 1847 1052 1890 sunt
1066 1838 1182 1909 Dionys-i
1196 1839 1290 1892 toruo:
1305 1838 1426 1906 Quamuis
1439 1836 1605 1891 citatissimos
1620 1840 1699 1903 preter
1708 1833 1779 1887 Lou-

147 1907 354 1961 madrertiinus.
370 1904 442 1959 idem
455 1918 520 1957 ttcro
533 1904 654 1959 delectus
668 1906 792 1973 praesumi
805 1909 897 1973 ncnttit
912 1911 938 1964 in
990 1908 1086 1960 rectius
1099 1908 1204 1961 oriiduu
1213 1920 1237 1961 et
1252 1909 1372 1974 [iustiori
1383 1907 1556 1960 concitatione
1576 1907 1723 1972 parcitatem
1734 1920 1779 1956 rio-

146 1990 183 2027 eo
200 1975 295 2030 croco
307 1975 439 2044 originali,
451 1973 522 2043 quid
535 1976 567 2028 sd
582 1974 730 2029 liniunnsm
745 1974 891 2032 Ecclesiam
906 1994 939 2035 et
989 1986 1069 2031 strom
1078 1982 1180 2045 reputor
1192 1978 1373 2031 ecelesiaeictis
1387 1991 1556 2031 untnsssnns
1569 1975 1703 2045 pepulerit,
1715 1989 1779 2028 cori·

147 2046 208 2111 ipsa
225 2046 331 2099 Niceros
346 2045 449 2113 synodo
459 2048 643 2099 transmissum
659 2045 718 2105 luit.
730 2053 759 2100 et
768 2061 801 2100 ex
815 2062 867 2115 qno
879 2063 939 2103 rer·
990 2061 1099 2101 rusioss
1108 2048 1184 2101 credo
1194 2063 1291 2103 criseis
1302 2060 1508 2101 rciustirtosts
1517 2045 1639 2110 otientur,
1653 2043 1778 2099 credine

146 2117 192 2168 sin
206 2116 296 2169 stetim
309 2115 498 2176 lucubratum
511 2114 604 2169 endem
614 2116 732 2169 Ecclesia
745 2126 940 2184 receptaesttc
989 2120 1074 2187 priseo
1089 2118 1278 2185 sermionensi
1292 2118 1456 2185 conterimus
1467 2116 1493 2168 in
1508 2114 1633 2169 Tinctatu
1643 2113 1676 2166 de
1686 2110 1776 2167 Colle-

147 2185 433 2252 diligcntercustodits
445 2200 453 2237 r
463 2184 941 2256 acproptereadelnctnspotiusejns·
992 2187 1126 2240 clicuilius
1141 2198 1209 2251 pert.
1232 2204 1263 2250 ii,
1277 2202 1302 2242 c.
1316 2185 1344 2247 2,
1362 2186 1376 2257 5
1391 2188 1419 2249 5,
1439 2186 1482 2239 illa
1504 2198 1563 2239 esse
1578 2184 1682 2237 uiilctur
1700 2198 1778 2251 qinom

148 2257 213 2307 dein
228 2256 375 2309 canonisin
385 2254 520 2322 Quesnelli
531 2255 699 2318 collectione,
712 2256 782 2310 ltisic
792 2271 845 2310 non
858 2258 940 2314 luisse
991 2265 1050 2323 post
1062 2255 1202 2310 lustelinm
1220 2256 1270 2311 line
1285 2265 1358 2310 tomo
1370 2256 1516 2309 edidimus:
1530 2268 1589 2320 nuae
1605 2250 1655 2306 eti
1678 2250 1777 2304 luctas·

149 2325 237 2395 ipsins
253 2326 346 2380 Eccles
357 2339 381 2378 ec
394 2325 513 2379 corticem
532 2324 616 2394 inagis
632 2325 767 2393 tussisque
788 2329 938 2382 conllrniat.
990 2327 1028 2380 sis
1044 2326 1122 2380 luerit
1137 2327 1162 2381 in
1175 2326 1276 2395 alimiut
1295 2326 1421 2380 iinmaois
1436 2324 1573 2379 codicibus
1596 2322 1635 2377 lie
1645 2321 1769 2387 utentior,

189 2393 221 2448 X.
243 2395 309 2460 Quid
324 2409 403 2461 porro
417 2394 558 2449 dicundum
572 2395 621 2448 erit
635 2395 668 2447 de
680 2396 786 2449 omissis
802 2396 827 2448 in
847 2398 939 2454 eadem
991 2410 1045 2450 non
1060 2405 1149 2450 minen
1162 2397 1187 2450 bi
1202 2397 1326 2450 dicuntur
1346 2396 1428 2450 iniisse
1448 2395 1556 2448 codices
1568 2407 1702 2446 canonum
1726 2405 1778 2459 pii·

149 2464 312 2519 collectione
324 2463 551 2531 iircstsntioribus
558 2465 792 2519 constitutionibus
806 2465 940 2522 Romano·
991 2465 1064 2529 liliei,
1080 2481 1127 2520 seu
1141 2467 1267 2520 domoon
1282 2466 1408 2521 Ecclesiae
1418 2466 1575 2519 auctoritas
1585 2462 1660 2522 editi,
1676 2475 1779 2529 risitque

149 2550 212 2588 rnm
228 2536 387 2594 antistitum,
402 2548 463 2603 quc
478 2537 518 2589 rel
532 2536 646 2589 inarime
660 2535 809 2590 inserendce
825 2537 939 2606 luerunt,
991 2534 1098 2603 publico
1111 2536 1225 2605 recepti;
1240 2551 1291 2592 nec
1304 2537 1326 2590 si
1343 2535 1451 2588 luissent
1470 2534 1632 2603 liujusniodi,
1648 2532 1718 2586 idem
1731 2538 1777 2581 tiu-

148 2620 173 2656 si
190 2606 239 2671 ipsi
253 2605 392 2673 pontidces
404 2621 435 2656 eii
449 2604 576 2659 Romanis
591 2603 718 2667 arcliivis,
734 2607 759 2658 in
774 2606 871 2673 unibus
883 2622 941 2662 om·
991 2606 1070 2660 liendi
1083 2616 1173 2661 essent
1191 2621 1223 2660 ac
1242 2618 1334 2660 nostru
1351 2605 1485 2668 collectio,
1508 2607 1641 2671 inquitet
1657 2601 1780 2654 tersione

150 2689 204 2728 nes
229 2675 430 2729 uiciiratissiiue
457 2674 642 2739 servabuntur,
665 2674 799 2744 pubiicum
820 2676 940 2732 cndceiii
992 2675 1077 2743 prisca
1105 2687 1201 2744 preter
1220 2675 1450 2729 Ctiolccdonenses
1469 2674 1534 2727 nulli
1557 2672 1601 2725 alli
1624 2669 1776 2725 Graeeniuru

149 2743 318 2800 edidissentt
340 2744 393 2796 iltic
408 2753 497 2798 sutem
520 2745 546 2796 in
568 2759 597 2798 re
619 2759 652 2798 ne
670 2743 790 2810 pliiobus
809 2747 941 2815 encomiis
990 2746 1152 2815 syriodoruin
1168 2761 1284 2800 canones
1299 2745 1389 2798 inserti
1406 2745 1539 2808 legitutur.
1554 2741 1630 2807 Quod
1645 2755 1779 2805 perinen-

150 2815 268 2869 lectorcs
281 2812 467 2872 distincsinns.
484 2813 654 2868 considente
670 2813 733 2870 libet
745 2817 816 2870 sulus
829 2827 939 2884 tposto·
990 2815 1051 2868 dent
1068 2814 1127 2868 loco
1140 2816 1300 2883 Quesuclliis
1312 2815 1345 2867 ad
1365 2813 1548 2867 contusionem
1570 2811 1669 2864 codicis
1686 2810 1775 2877 atium

151 2885 221 2938 licus
244 2885 347 2937 litteras
366 2885 393 2938 in
411 2899 488 2939 ecost
510 2884 722 2951 pelagianorum,
747 2900 813 2954 queis
833 2887 941 2953 potioni
990 2888 1095 2938 ratione
1109 2885 1294 2939 uindicandum
1310 2883 1421 2936 stiliilit:
1438 2882 1493 2938 Suu
1507 2881 1604 2934 rotioue
1617 2881 1671 2933 tec
1686 2882 1749 2945 cnut
1766 2906 1779 2921 ·

153 2968 228 3007 tiiuin
243 2955 409 3008 collectionis
423 2963 517 3007 ructor
535 2954 664 3007 eiulunit.
682 2956 752 3009 luter
772 2958 941 3011 constitutio·
990 2956 1029 3007 sio
1048 2956 1147 3019 nititur,
1168 2971 1213 3008 nee
1232 2956 1321 3008 ordine
1334 2964 1405 3007 uocet
1424 2955 1480 3019 ipso
1494 2952 1592 3006 ordinis
1611 2948 1778 3018 perturbatio,
1856 2998 1859 3002 .

151 3038 202 3077 nes
217 3034 305 3078 untent
320 3023 370 3078 linc
386 3027 411 3077 in
429 3038 509 3077 cau-tt
527 3025 613 3079 editas
628 3026 746 3079 omnium
766 3026 940 3081 celeberrima
990 3024 1016 3079 ei
1037 3024 1178 3095 bypotliesi
1201 3022 1339 3089 iiieuinliit,
1356 3038 1406 3093 qno
1428 3023 1497 3077 brine
1512 3020 1632 3075 codicem
1657 3032 1709 3073 nou
1726 3034 1779 3074 uno

94 3127 99 3134 -
150 3097 274 3162 prolecto
288 3107 329 3149 est
348 3093 473 3149 tractoria
487 3094 595 3156 Zosimi,
611 3109 664 3163 ntia
679 3096 818 3164 Pelagium
831 3097 939 3154 ltoercsis
992 3103 1112 3163 tempore
1141 3095 1291 3155 conditorii,
1316 3095 1364 3148 scd
1388 3093 1501 3147 divendi
1528 3091 1651 3144 nioiiuus
1672 3098 1779 3143 auctum

149 3172 210 3218 toto
222 3167 288 3218 orbe
302 3165 422 3219 trunceto
436 3174 486 3218 est.
498 3164 571 3218 llunc
587 3165 693 3234 quidem
709 3166 875 3233 potissimum
892 3144 975 3222 dec
991 3165 1081 3229 caud
1096 3168 1198 3221 stutirit.
1210 3167 1276 3231 Quae
1290 3176 1379 3218 tamen
1394 3163 1560 3233 lippotliesis,
1576 3172 1604 3215 ut
1623 3160 1704 3228 puulo
1717 3171 1780 3215 unte

148 3234 255 3288 dissent
269 3234 309 3288 lio
320 3236 381 3288 neni
392 3232 542 3302 pontillccs,
554 3235 575 3286 si
587 3244 758 3289 monumenta
770 3235 849 3304 bnjus
858 3252 940 3305 gene·
990 3237 1236 3299 aniinadtertimus,
1244 3250 1346 3290 merum
1355 3243 1395 3288 est
1403 3235 1549 3300 invention,
1557 3245 1605 3286 sen
1615 3231 1779 3300 potinscom·

149 3303 190 3358 ri·
203 3305 316 3359 collecta
337 3305 364 3358 in
379 3305 428 3358 rod
439 3320 497 3358 cem
518 3304 652 3373 publicum
676 3305 839 3360 tetulissent.
861 3307 941 3363 lieest
991 3314 1109 3358 mentum
1124 3306 1156 3358 sd
1168 3307 1259 3375 plures
1274 3304 1446 3360 dilticnl'u‘es
1459 3304 1631 3358 dccliiiuudes
1645 3301 1780 3368 excopio-

149 3384 244 3428 sutem
260 3378 285 3426 in
296 3375 401 3428 landate
412 3376 582 3438 collectione,
597 3385 625 3427 ut
644 3375 702 3429 aliae
719 3377 809 3442 plures
821 3376 939 3440 insieites
990 3376 1134 3442 iomnund
1144 3376 1214 3429 nullu
1226 3373 1429 3429 rutiooelnltnni
1441 3373 1541 3428 nemini
1551 3372 1656 3439 pruliaci
1670 3371 1777 3438 poterit.

148 3446 357 3500 coristitutionet
370 3445 476 3507 deiuiu,
490 3445 600 3512 oneret
623 3444 657 3500 ab
670 3445 731 3500 ulils
751 3446 940 3501 collectoribus
1026 3444 1083 3497 illl.
1104 3444 1157 3498 Sed
1178 3453 1207 3497 us
1228 3443 1261 3497 ad
1283 3442 1468 3498 confusionem
1490 3450 1587 3495 nostrie
1608 3441 1777 3494 collectionis

148 3513 268 3568 inuenire
279 3519 425 3568 ettnsertae
441 3517 556 3579 inerunt,
572 3516 613 3569 rel
635 3529 650 3566 a
674 3516 809 3569 nonnullis
823 3517 940 3585 antinus
991 3526 1168 3579 reuertemur,
1184 3512 1263 3577 bane,
1279 3514 1302 3566 si
1322 3513 1381 3580 ciris
1401 3511 1544 3578 diligenter
1558 3509 1659 3575 singula
1679 3523 1778 3576 espen-

148 3583 288 3652 indicatae‚
304 3584 400 3652 iniuria
416 3593 565 3650 teinputuin
583 3584 690 3654 periere
704 3601 712 3639 ι
733 3599 783 3639 ncc
798 3586 941 3651 periissent
990 3583 1047 3647 dui,
1059 3598 1166 3650 utroque
1177 3586 1271 3637 obtntn
1284 3582 1373 3635 omnia
1387 3581 1590 3647 compilectatnr,
1603 3587 1706 3657 tuntum
1716 3592 1776 3632 esse

148 3653 283 3720 prolecto,
299 3653 322 3708 si
338 3653 459 3723 publicus
477 3654 612 3708 Romanus
629 3652 717 3708 Cedet
736 3656 794 3723 eius
811 3658 940 3724 teuiporis
990 3653 1189 3720 deprehendet,
1210 3661 1240 3707 ut
1253 3651 1351 3705 nedum
1368 3650 1505 3711 llomanu,
1520 3648 1566 3702 sed
1582 3647 1646 3700 nulli
1662 3647 1707 3700 ulii
1725 3647 1774 3701 lic·

147 3737 184 3776 co
195 3723 277 3777 iditus
298 3726 330 3776 od
356 3738 404 3776 uos
423 3726 600 3792 peruenisset.
628 3724 697 3791 Quot
720 3727 939 3790 pricstantissimu
989 3725 1078 3777 etestu
1093 3723 1227 3792 publicum
1242 3722 1362 3776 codicem
1377 3719 1502 3782 editore,
1519 3727 1546 3771 at
1560 3721 1662 3786 priuato
1675 3726 1776 3770 tontum

148 3792 411 3847 liiimuiiaeiirclesiae
422 3795 579 3847 documento
593 3797 849 3849 nuliiscnnservavit
861 3798 939 3849 direl-
991 3792 1092 3847 lioniiui
1111 3803 1256 3862 congruat,
1274 3792 1319 3861 tpii
1335 3791 1427 3859 primis
1441 3788 1513 3843 cirris
1526 3803 1558 3842 ac
1573 3789 1676 3856 privato
1689 3786 1778 3866 studio

147 3863 211 3917 lana
232 3862 356 3917 collectio
378 3862 469 3917 iiomrc
487 3864 551 3916 olim
570 3873 706 3933 compacto
729 3879 764 3920 ets
785 3866 938 3931 apostolicis
990 3878 1024 3917 es
1037 3863 1263 3928 arbitriocollcitit
1275 3876 1334 3932 qttoe
1348 3860 1458 3926 invenit,
1471 3873 1541 3912 nunc
1553 3858 1621 3922 lice,
1634 3871 1704 3910 nunc
1718 3856 1774 3921 iila,

147 3933 272 3997 sororiis,
287 3933 350 3987 licet
359 3933 418 3999 ejus
432 3943 526 3987 unietur
539 3949 588 3987 nee
604 3936 707 4000 publico
719 3938 939 4004 auctoritatepo·
990 3932 1064 3987 nullo
1078 3934 1183 3997 ordine,
1198 3933 1302 3988 delectu
1318 3931 1400 3984 nollo.
1419 3930 1494 3983 lluuc
1509 3943 1615 3993 utronno
1628 3943 1680 3979 nnn
1696 3925 1777 3980 dede

147 4005 258 4064 tiretur,
272 4017 323 4057 tiec
337 4006 455 4058 codicem
470 4004 529 4058 usui
545 4003 651 4072 publico
664 4004 796 4060 edendnm
809 4007 939 4072 siimpsis·
990 4011 1053 4057 ccnt
1073 4004 1117 4058 ulii
1136 4003 1257 4057 delectus
1276 4012 1353 4056 unica
1368 4000 1469 4064 notati,
1489 3994 1713 4079 nuciiiadmndnm
1730 3998 1776 4076 de-

147 4072 209 4127 setl
226 4073 331 4140 Quinto
343 4073 417 4139 plura
432 4073 550 4128 dedisset
566 4073 649 4128 cnder
663 4075 767 4141 publice
780 4078 938 4130 anctoritate
991 4073 1076 4129 lectus
1090 4074 1194 4128 similes
1207 4074 1233 4127 iii
1248 4072 1307 4126 aliis
1321 4072 1430 4139 pritotis
1444 4068 1644 4124 collectionibus
1657 4074 1773 4131 sotionis

146 4143 175 4195 in
200 4157 279 4194 nsum
304 4144 436 4211 politicum
466 4145 666 4213 promulgatus!
692 4143 784 4211 Nerine
810 4149 939 4200 satislacit
990 4146 1090 4212 passini
1107 4152 1261 4198 ccctirmnt.
1287 4139 1532 4196 llincsicutnullae
1548 4135 1774 4218 ejusmodicolle·

146 4213 287 4277 iitiesnelli
308 4212 448 4278 responsio
461 4228 495 4267 es
514 4213 609 4268 codice
626 4213 753 4283 Dionysii,
768 4215 812 4283 niti
830 4214 938 4271 statutis
989 4216 1093 4269 ctiones
1107 4225 1168 4268 siim
1182 4215 1288 4268 codices
1303 4212 1406 4282 piiblica
1420 4212 1582 4268 auctoritate
1594 4206 1668 4271 editt,
1680 4215 1716 4261 tta
1728 4220 1775 4261 nec

146 4283 222 4336 sedis
236 4283 391 4351 apostolictc
405 4281 500 4338 Siricio
521 4283 715 4351 antiquioribus
732 4283 844 4354 e'iisqne
858 4286 937 4340 etium
990 4294 1080 4336 nostra
1093 4283 1225 4337 collectio.
1590 4319 1595 4332 .

147 4352 344 4420 posterioribus
367 4367 420 4405 non
436 4352 527 4421 puticis
541 4363 624 4408 curet.
641 4353 783 4425 Dionysius
798 4356 868 4409 cuim
884 4372 937 4410 nou
1025 4351 1094 4408 xiil.
1116 4353 1251 4407 dddemns
1272 4350 1379 4406 tundem
1399 4349 1479 4405 aliurn
1498 4345 1774 4411 animaduersionem,

146 4422 267 4488 politica,
283 4421 331 4476 sed
350 4422 450 4488 priuata
476 4427 634 4478 anctoritate
653 4437 728 4476 stiunt
751 4424 936 4480 collectionem
989 4437 1040 4491 (sita
1052 4437 1112 4477 cum
1127 4422 1369 4492 probabilissimum
1382 4420 1428 4474 liet
1442 4422 1510 4473 lianc
1523 4417 1706 4474 collectionem
1721 4432 1773 4469 non

146 4491 245 4554 edidit,
259 4494 827 4561 necapostolicascriiiineraeteconsulero
840 4500 935 4565 potnit.
950 4511 977 4572 Ι)
992 4494 1098 4557 itone,
1118 4494 1202 4546 immo
1224 4506 1275 4546 nee
1296 4494 1322 4545 io
1345 4491 1436 4551 ltalia,
1460 4489 1506 4543 sed
1530 4492 1556 4543 in
1579 4485 1671 4540 Galliis
1695 4485 1775 4564 luisse

145 4562 196 4624 Qu
212 4571 304 4614 nutem
319 4562 424 4624 publica
438 4562 607 4630 auctoritate,
623 4571 651 4617 et
668 4565 695 4616 in
710 4564 843 4631 publicum
860 4582 936 4620 nsum
989 4563 1135 4632 tlipestam,
1151 4571 1205 4615 tum
1220 4576 1284 4615 reru
1299 4576 1358 4616 cnm
1372 4561 1491 4615 codicem
1507 4559 1636 4618 domante
1651 4556 1776 4610 Ecclesisc

145 4630 420 4698 codieeniiulgossec
434 4633 456 4683 is
468 4633 786 4700 ap··stulicumarcliisttm
798 4635 934 4701 ettulrens,

145 4701 348 4761 prestantiores
359 4700 564 4755 constitutiones
575 4705 632 4755 usui
644 4706 760 4759 merline
771 4705 861 4768 utiles,
877 4720 937 4772 crite

148 4776 215 4822 tunc
228 4785 293 4824 sane
303 4785 357 4824 nnn
366 4771 485 4833 deerant,
495 4771 698 4841 liuudiptanuem
712 4774 935 4840 prntcruiislsset.

183 4837 229 4893 itt.
250 4838 376 4893 Omnium
389 4852 478 4894 autern
494 4844 610 4895 maxime
629 4843 764 4911 publicum
787 4843 936 4899 liumantim

142 4908 274 4964 codicem
285 4912 385 4964 scenio
398 4925 416 4963 r
430 4911 530 4964 cditnm
544 4911 655 4966 dedecet
666 4912 732 4966 mira
742 4916 864 4968 conlusio
877 4929 937 4981 iture

146 4981 174 5031 in
195 4989 286 5033 nostra
310 4980 470 5035 collectione
484 4983 702 5048 deprehenditur.
721 4983 815 5037 unitus
833 4983 937 5039 scilicet

143 5050 172 5102 lu
192 5049 244 5102 lrac
262 5055 329 5102 urin
350 5064 435 5118 neque
450 5064 551 5117 rerum,
575 5066 661 5132 neque
682 5054 769 5106 emtis
794 5065 935 5108 serrator:

144 5117 245 5186 quippe
259 5119 426 5172 ciudtiorinu
441 5121 553 5186 decretu,
566 5121 604 5176 uti
617 5136 674 5186 ipse
688 5121 847 5192 Quetnellus
858 5132 936 5178 nota·

142 5192 183 5242 vit
197 5203 259 5255 cip.
273 5190 301 5252 i,
316 5205 390 5243 num.
404 5190 430 5252 i,
446 5191 592 5256 pontificum
606 5193 712 5245 decretis
726 5194 871 5257 miscentur,
890 5208 936 5246 ure

143 5272 191 5323 pro
209 5257 293 5310 etatis
309 5262 364 5311 luc
382 5261 472 5311 ordine
484 5261 705 5324 colluceiitnr,red
716 5264 859 5330 posteriorc
871 5278 936 5329 pre·

142 5334 277 5394 portentur
291 5329 427 5398 prioribus,
449 5330 534 5398 topica
554 5332 723 5384 ieeuuuuicis.
742 5331 770 5386 Si
789 5333 936 5399 quisalius

143 5397 268 5463 piitdicos
290 5399 335 5466 qui
358 5407 511 5467 supersunt,
536 5399 662 5454 Romane
685 5401 810 5455 Ecclesiae
837 5402 932 5468 libros,

142 5470 383 5526 sacrouientorios.
418 5469 634 5536 antiphonarios,
667 5480 733 5535 ete..
767 5471 931 5536 consideret,

141 5548 250 5605 oettuout
271 5539 297 5589 iii
315 5536 438 5591 omnibus
451 5540 574 5593 ordinem
597 5541 726 5594 inveniet.
746 5540 812 5594 Cum
833 5542 933 5596 seculo

142 5619 173 5673 tt,
186 5621 242 5674 uun
256 5606 300 5662 bic
314 5609 396 5663 codes
410 5608 528 5678 digestus
539 5618 565 5663 et
580 5609 669 5664 editus
685 5610 814 5675 ereditur,
826 5613 933 5680 sapien-

989 4631 1082 4687 liulieri
1099 4647 1151 4688 non
1167 4646 1246 4700 posse
1259 4647 1311 4685 noti
1326 4631 1460 4685 mordicum
1474 4626 1685 4683 continuabitur.
1701 4625 1775 4679 Licet

989 4703 1131 4773 plurimum
1156 4702 1300 4771 diligentis
1325 4700 1525 4754 adhibuerimus
1550 4700 1576 4751 in
1600 4695 1773 4764 etniiirendis

990 4773 1069 4841 liujus
1083 4773 1249 4828 collectionis
1264 4787 1328 4826 niss.
1346 4770 1558 4837 ικνιιιρὶιιὶὶιιιε,
1582 4781 1617 4822 ne
1638 4781 1718 4819 count
1735 4778 1775 4820 ta-

989 4858 1051 4898 meo
1065 4845 1185 4898 inuenire
1200 4843 1273 4897 licuit
1284 4843 1324 4895 tel
1338 4840 1441 4904 domes,
1453 4840 1495 4893 rei
1509 4840 1535 4891 in
1552 4847 1606 4891 tota
1619 4836 1705 4899 italia,
1715 4851 1775 4889 cum

990 4912 1067 4981 plura
1083 4916 1108 4966 in
1123 4912 1217 4969 Gallis
1231 4914 1329 4976 posim
1344 4919 1496 4965 occurrunt.
1520 4908 1620 4964 Goluas
1639 4907 1722 4962 reteri
1738 4908 1775 4958 si·

988 4984 1160 5052 guiliiutione
1171 4983 1327 5048 ancipitum,
1336 4993 1466 5051 misterius
1474 4980 1684 5043 Narbonensem,
1695 4976 1776 5041 diuiti·

989 5054 1116 5113 tunicam.
1131 5053 1347 5120 Lugdunensem,
1367 5059 1395 5104 et
1415 5051 1546 5171 belgicam
1567 5045 1776 5123 eonipieuendr·

989 5124 1063 5176 liant.
1085 5122 1206 5176 crabbus
1221 5136 1303 5174 unium
1320 5121 1439 5173 codicem
1480 5118 1656 5171 aridusen-em
1673 5126 1773 5181 primus

989 5191 1119 5246 adtribuit.
1150 5194 1250 5245 dianus
1274 5191 1384 5257 (lopus,
1413 5187 1566 5250 Pometios,
1592 5198 1616 5240 et
1645 5185 1773 5237 ilcniiens

990 5259 1102 5316 Grauius
1115 5259 1285 5316 litrebatensi
1307 5259 1348 5313 usi
1368 5267 1440 5311 sunt.
1466 5257 1626 5315 linimen,
1648 5253 1775 5320 'l‘reropi·

990 5332 1126 5392 tlitcsnus,
1148 5329 1361 5392 licitorucensis,
1385 5327 1545 5382 liuliertinns
1559 5327 1588 5379 S.
1604 5324 1725 5386 l'edusti,
1747 5330 1774 5376 et

988 5401 1033 5453 ulii
1052 5400 1182 5468 rjttstnudl
1207 5401 1232 5453 in
1249 5399 1307 5453 Gall
1319 5400 1394 5456 catt²s
1408 5397 1575 5451 liililiutiiccis
1591 5394 1772 5448 inueniuntur.

986 5468 1059 5524 idon
1081 5469 1244 5524 censetidum
1268 5470 1304 5524 de
1326 5468 1429 5522 dinibus
1449 5465 1587 5519 codicibus
1607 5465 1775 5517 lublintliecsc

985 5540 1116 5594 ensinio
1128 5539 1351 5600 vindebonensis,
1365 5538 1391 5591 in
1405 5553 1482 5605 quam
1497 5534 1598 5602 aliquot
1610 5533 1773 5599 eseinplnria

986 5623 1052 5666 uisa.
1067 5609 1186 5680 euuigiu
1198 5609 1278 5665 allata
1295 5610 1409 5663 luerunt.
1433 5605 1516 5660 Tanto
1532 5613 1773 5672 tituriuscriptoruin

178 5737 224 5810 (tt)
240 5739 338 5799 Coiilcr
352 5751 408 5798 nut.
423 5743 478 5801 eto
492 5758 516 5799 c.
532 5744 551 5799 s
565 5744 710 5830 premisse
724 5744 830 5801 dissert.
847 5742 908 5814 (eol.
922 5743 987 5812 sit,
1004 5751 1057 5798 uot.
1074 5743 1110 5812 ⁸).
